
  <record>
    <leader>01000aam  22002601a 4500</leader>
    <controlfield tag="001">YPZ86982</controlfield>
    <controlfield tag="003">YPZ</controlfield>
    <controlfield tag="005">200709141522340</controlfield>
    <controlfield tag="008">070914|###########||||||b||||||||||spa|d</controlfield>
    <datafield tag="020" ind1=" " ind2=" ">
      <subfield code="a">9879529464</subfield>
    </datafield>
    <datafield tag="040" ind1=" " ind2=" ">
      <subfield code="c">SIUNPA</subfield>
    </datafield>
    <datafield tag="041" ind1=" " ind2=" ">
      <subfield code="a">spa</subfield>
    </datafield>
    <datafield tag="044" ind1=" " ind2=" ">
      <subfield code="a">AR</subfield>
    </datafield>
    <datafield tag="080" ind1=" " ind2=" ">
      <subfield code="a">371.3 I719u</subfield>
    </datafield>
    <datafield tag="100" ind1=" " ind2=" ">
      <subfield code="a">Irurzun, Laura Esther.</subfield>
    </datafield>
    <datafield tag="700" ind1=" " ind2=" ">
      <subfield code="a">Schuster, Nidia Beatriz.</subfield>
    </datafield>
    <datafield tag="245" ind1=" " ind2=" ">
      <subfield code="a">Utilización pedagógica de la informática</subfield>
      <subfield code="b"> : un primer aporte al curriculum desde las tecnologías de la información</subfield>
    </datafield>
    <datafield tag="250" ind1=" " ind2=" ">
      <subfield code="a">1a ed.</subfield>
    </datafield>
    <datafield tag="260" ind1=" " ind2=" ">
      <subfield code="a">Buenos Aires</subfield>
      <subfield code="b"> : Novedades Educativas</subfield>
      <subfield code="c"> , 1995</subfield>
    </datafield>
    <datafield tag="650" ind1=" " ind2=" ">
      <subfield code="a"> TECNOLOGIA DE LA INFORMACION</subfield>
    </datafield>
    <datafield tag="650" ind1=" " ind2=" ">
      <subfield code="a"> INFORMATICA EDUCATIVA</subfield>
    </datafield>
    <datafield tag="650" ind1=" " ind2=" ">
      <subfield code="a"> TECNOLOGIA EDUCACIONAL</subfield>
    </datafield>
    <datafield tag="650" ind1=" " ind2=" ">
      <subfield code="a"> DISEÑO CURRICULAR</subfield>
    </datafield>
    <datafield tag="650" ind1=" " ind2=" ">
      <subfield code="a"> ENSEÑANZA POR COMPUTADORA</subfield>
    </datafield>
    <datafield tag="942" ind1=" " ind2=" ">
      <subfield code="c">BK</subfield>
    </datafield>
    <datafield tag="952" ind1=" " ind2=" ">
      <subfield code="a">BIB_RECT</subfield>
      <subfield code="b">BIB_UACO</subfield>
      <subfield code="d">2013-03-08</subfield>
      <subfield code="y">BK</subfield>
      <subfield code="p">02-03601</subfield>
      <subfield code="i">02-03601</subfield>
      <subfield code="g">89</subfield>
      <subfield code="o">371.3 I719u</subfield>
      <subfield code="e">Don. Lic. Fernández, Adriana</subfield>
      <subfield code="8">CG</subfield>
    </datafield>
    <datafield tag="952" ind1=" " ind2=" ">
      <subfield code="a">BIB_RECT</subfield>
      <subfield code="b">BIB_UACO</subfield>
      <subfield code="d">2009-03-23</subfield>
      <subfield code="y">BK</subfield>
      <subfield code="p">02-37377</subfield>
      <subfield code="i">02-37377</subfield>
      <subfield code="g">24</subfield>
      <subfield code="o">371.3 I719u</subfield>
      <subfield code="e">Donación Baeza, Nelly</subfield>
      <subfield code="8">CG</subfield>
    </datafield>
    <datafield tag="952" ind1=" " ind2=" ">
      <subfield code="a">BIB_RECT</subfield>
      <subfield code="b">BIB_UACO</subfield>
      <subfield code="d">2017-08-28</subfield>
      <subfield code="y">BK</subfield>
      <subfield code="p">02-48709</subfield>
      <subfield code="i">02-48709</subfield>
      <subfield code="g">70</subfield>
      <subfield code="o">371.3 I719u</subfield>
      <subfield code="e">Don. Prof. Coetzee, Yaqueline</subfield>
      <subfield code="8">CG</subfield>
    </datafield>
    <datafield tag="952" ind1=" " ind2=" ">
      <subfield code="a">BIB_RECT</subfield>
      <subfield code="b">BIB_UACO</subfield>
      <subfield code="d">2017-08-11</subfield>
      <subfield code="y">BK</subfield>
      <subfield code="p">02-48740</subfield>
      <subfield code="i">02-48740</subfield>
      <subfield code="g">180</subfield>
      <subfield code="o">371.3 I719u</subfield>
      <subfield code="e">Don. Ramirez Blankenhort, Rosemarie</subfield>
      <subfield code="8">CG</subfield>
    </datafield>
    <datafield tag="952" ind1=" " ind2=" ">
      <subfield code="a">BIB_RECT</subfield>
      <subfield code="b">BIB_UART</subfield>
      <subfield code="d">2006-11-20</subfield>
      <subfield code="y">BK</subfield>
      <subfield code="p">03-00245</subfield>
      <subfield code="i">03-00245</subfield>
      <subfield code="g">0</subfield>
      <subfield code="o">371.3 I719u</subfield>
      <subfield code="e"/>
      <subfield code="8">CG</subfield>
    </datafield>
    <datafield tag="952" ind1=" " ind2=" ">
      <subfield code="a">BIB_RECT</subfield>
      <subfield code="b">BIB_UASJ</subfield>
      <subfield code="d">2007-09-10</subfield>
      <subfield code="y">BK</subfield>
      <subfield code="p">04-33298</subfield>
      <subfield code="i">04-33298</subfield>
      <subfield code="g">24</subfield>
      <subfield code="o">371.3 I719u</subfield>
      <subfield code="e">Donación</subfield>
      <subfield code="8">CG</subfield>
    </datafield>
    <datafield tag="952" ind1=" " ind2=" ">
      <subfield code="a">BIB_RECT</subfield>
      <subfield code="b">BIB_UART</subfield>
      <subfield code="d">2007-09-10</subfield>
      <subfield code="y">BK</subfield>
      <subfield code="p">04-33299</subfield>
      <subfield code="i">04-33299</subfield>
      <subfield code="g">24</subfield>
      <subfield code="o">371.3 I719u</subfield>
      <subfield code="e">Donación</subfield>
      <subfield code="8">CG</subfield>
    </datafield>
    <datafield tag="952" ind1=" " ind2=" ">
      <subfield code="a">BIB_RECT</subfield>
      <subfield code="b">BIB_UARG</subfield>
      <subfield code="d">2014-10-22</subfield>
      <subfield code="y">BK</subfield>
      <subfield code="p">05-46857</subfield>
      <subfield code="i">05-46857</subfield>
      <subfield code="g">30</subfield>
      <subfield code="o">371.3 I719u</subfield>
      <subfield code="e">Donación</subfield>
      <subfield code="8">CG</subfield>
    </datafield>
  </record>