
  <record>
    <leader>01000aam  22002601a 4500</leader>
    <controlfield tag="001">YPZ87016</controlfield>
    <controlfield tag="003">YPZ</controlfield>
    <controlfield tag="005">200709200959480</controlfield>
    <controlfield tag="008">070920|###########||||||b||||||||||spa|d</controlfield>
    <datafield tag="040" ind1=" " ind2=" ">
      <subfield code="c">SIUNPA</subfield>
    </datafield>
    <datafield tag="041" ind1=" " ind2=" ">
      <subfield code="a">spa</subfield>
    </datafield>
    <datafield tag="044" ind1=" " ind2=" ">
      <subfield code="a">ES</subfield>
    </datafield>
    <datafield tag="080" ind1=" " ind2=" ">
      <subfield code="a">621.3(092) V837j</subfield>
    </datafield>
    <datafield tag="100" ind1=" " ind2=" ">
      <subfield code="a">Vitar, Beatríz.</subfield>
    </datafield>
    <datafield tag="245" ind1=" " ind2=" ">
      <subfield code="a">José María de Madariaga y Casado</subfield>
      <subfield code="b"> : aproximación a su actividad profesional y perfil humano</subfield>
    </datafield>
    <datafield tag="250" ind1=" " ind2=" ">
      <subfield code="a">1a ed.</subfield>
    </datafield>
    <datafield tag="260" ind1=" " ind2=" ">
      <subfield code="a">Madrid</subfield>
      <subfield code="b"> : Laboratorio Oficial José María de Madariaga, LOM, Universidad Politécnica de Madrid</subfield>
      <subfield code="c"> , 2004</subfield>
    </datafield>
    <datafield tag="650" ind1=" " ind2=" ">
      <subfield code="a"> MADARIAGA Y CASADO, JOSE MARIA DE (18531934)</subfield>
    </datafield>
    <datafield tag="650" ind1=" " ind2=" ">
      <subfield code="a"> BIOGRAFIA</subfield>
    </datafield>
    <datafield tag="650" ind1=" " ind2=" ">
      <subfield code="a"> INGENIEROS</subfield>
    </datafield>
    <datafield tag="942" ind1=" " ind2=" ">
      <subfield code="c">BK</subfield>
    </datafield>
    <datafield tag="952" ind1=" " ind2=" ">
      <subfield code="a">BIB_RECT</subfield>
      <subfield code="b">BIB_UASJ</subfield>
      <subfield code="d">2007-09-17</subfield>
      <subfield code="y">BK</subfield>
      <subfield code="p">04-33364</subfield>
      <subfield code="i">04-33364</subfield>
      <subfield code="g">20</subfield>
      <subfield code="o">621.3(092) V837j</subfield>
      <subfield code="e">Universidad Politécnica de Madrid</subfield>
      <subfield code="8">CG</subfield>
    </datafield>
  </record>