
  <record>
    <leader>01000aam  22002601a 4500</leader>
    <controlfield tag="001">YPZ87051</controlfield>
    <controlfield tag="003">YPZ</controlfield>
    <controlfield tag="005">200709261249540</controlfield>
    <controlfield tag="008">070926|###########||||||b||||||||||spa|d</controlfield>
    <datafield tag="040" ind1=" " ind2=" ">
      <subfield code="c">SIUNPA</subfield>
    </datafield>
    <datafield tag="041" ind1=" " ind2=" ">
      <subfield code="a">spa</subfield>
    </datafield>
    <datafield tag="044" ind1=" " ind2=" ">
      <subfield code="a">ES</subfield>
    </datafield>
    <datafield tag="080" ind1=" " ind2=" ">
      <subfield code="a">622.24 B517s</subfield>
    </datafield>
    <datafield tag="100" ind1=" " ind2=" ">
      <subfield code="a">Bernaola Alonso, José.</subfield>
    </datafield>
    <datafield tag="245" ind1=" " ind2=" ">
      <subfield code="a">Sistemas de perforación</subfield>
      <subfield code="b"> : fundamentos y campo de aplicación</subfield>
    </datafield>
    <datafield tag="260" ind1=" " ind2=" ">
      <subfield code="a">Madrid</subfield>
      <subfield code="b"> : Fundación Gómez-Pardo</subfield>
      <subfield code="c"> , [199-?]</subfield>
    </datafield>
    <datafield tag="650" ind1=" " ind2=" ">
      <subfield code="a"> MECANICA DE ROCAS</subfield>
    </datafield>
    <datafield tag="650" ind1=" " ind2=" ">
      <subfield code="a"> EXPLOSIVOS</subfield>
    </datafield>
    <datafield tag="650" ind1=" " ind2=" ">
      <subfield code="a"> TECNOLOGIA MINERA</subfield>
    </datafield>
    <datafield tag="650" ind1=" " ind2=" ">
      <subfield code="a"> PERFORADORES DE POZOS</subfield>
    </datafield>
    <datafield tag="942" ind1=" " ind2=" ">
      <subfield code="c">BK</subfield>
    </datafield>
    <datafield tag="952" ind1=" " ind2=" ">
      <subfield code="a">BIB_RECT</subfield>
      <subfield code="b">BIB_UASJ</subfield>
      <subfield code="d">2007-09-12</subfield>
      <subfield code="y">BK</subfield>
      <subfield code="p">04-33334</subfield>
      <subfield code="i">04-33334</subfield>
      <subfield code="g">36</subfield>
      <subfield code="o">622.24 B517s</subfield>
      <subfield code="e">SIUNPA CP</subfield>
      <subfield code="8">CG</subfield>
    </datafield>
  </record>