
  <record>
    <leader>01000aam  22002601a 4500</leader>
    <controlfield tag="001">YPZ87071</controlfield>
    <controlfield tag="003">YPZ</controlfield>
    <controlfield tag="005">200710021411470</controlfield>
    <controlfield tag="008">071002|###########||||||b||||||||||spa|d</controlfield>
    <datafield tag="020" ind1=" " ind2=" ">
      <subfield code="a">0619215267</subfield>
    </datafield>
    <datafield tag="020" ind1=" " ind2=" ">
      <subfield code="a">1418835900 (CDROM)</subfield>
    </datafield>
    <datafield tag="040" ind1=" " ind2=" ">
      <subfield code="c">SIUNPA</subfield>
    </datafield>
    <datafield tag="041" ind1=" " ind2=" ">
      <subfield code="a">eng</subfield>
    </datafield>
    <datafield tag="044" ind1=" " ind2=" ">
      <subfield code="a">US</subfield>
    </datafield>
    <datafield tag="080" ind1=" " ind2=" ">
      <subfield code="a">65.012.4 S398i4</subfield>
    </datafield>
    <datafield tag="100" ind1=" " ind2=" ">
      <subfield code="a">Schwalbe, Kathy.</subfield>
    </datafield>
    <datafield tag="245" ind1=" " ind2=" ">
      <subfield code="a">Information technology project management</subfield>
    </datafield>
    <datafield tag="250" ind1=" " ind2=" ">
      <subfield code="a">4ath ed.</subfield>
    </datafield>
    <datafield tag="260" ind1=" " ind2=" ">
      <subfield code="a">Boston, Mass.</subfield>
      <subfield code="b"> : Thomson</subfield>
      <subfield code="c"> , 2006</subfield>
    </datafield>
    <datafield tag="300" ind1=" " ind2=" ">
      <subfield code="a">162 p. : </subfield>
      <subfield code="a">90 p. : </subfield>
      <subfield code="b">il. ; </subfield>
      <subfield code="a">64 p. : </subfield>
      <subfield code="b">il. ; </subfield>
      <subfield code="a">xi, 397 p. : </subfield>
      <subfield code="a">317 p. : </subfield>
      <subfield code="a">68 p. : </subfield>
      <subfield code="b">il. ; </subfield>
      <subfield code="a">337 p. : </subfield>
      <subfield code="b">cuadros ; </subfield>
      <subfield code="a">542 p. : </subfield>
      <subfield code="b">cuadros ; </subfield>
      <subfield code="a">95 p. : </subfield>
      <subfield code="a">v. : </subfield>
      <subfield code="b">cuadros ; </subfield>
      <subfield code="a">272 p. : </subfield>
      <subfield code="b">il. ; </subfield>
      <subfield code="a">133 p. : </subfield>
      <subfield code="b">il. ; </subfield>
      <subfield code="a">283 p. : </subfield>
      <subfield code="b">il. ; </subfield>
      <subfield code="a">383 p. : </subfield>
      <subfield code="b">il. ; </subfield>
      <subfield code="a">vii, 234 p. : </subfield>
      <subfield code="b">il. ; </subfield>
      <subfield code="a">141 p. : </subfield>
      <subfield code="b">il. ; </subfield>
      <subfield code="a">101 p. : </subfield>
      <subfield code="b">il. ; </subfield>
      <subfield code="a">253 p. : </subfield>
      <subfield code="b">il. ; </subfield>
      <subfield code="a">104 p. : </subfield>
      <subfield code="b">il. ; </subfield>
      <subfield code="a">45 p. : </subfield>
      <subfield code="b">il. ; </subfield>
      <subfield code="a">300 p. : </subfield>
      <subfield code="b">il. ; </subfield>
      <subfield code="a">2 v. : </subfield>
      <subfield code="b">il. ; </subfield>
      <subfield code="a">143 p. : </subfield>
      <subfield code="b">il. ; </subfield>
      <subfield code="a">[147] p. en varias paginaciones : </subfield>
      <subfield code="b">il. ; </subfield>
      <subfield code="a">140 p. : </subfield>
      <subfield code="b">il. ; </subfield>
      <subfield code="a">328 p. : </subfield>
      <subfield code="b">il. ; </subfield>
      <subfield code="a">34 p. : </subfield>
      <subfield code="b">il. ; </subfield>
      <subfield code="a">viii, 273 p. : </subfield>
      <subfield code="b">il. ; </subfield>
      <subfield code="a">viii, 104, 17 p. : </subfield>
      <subfield code="b">il. ; </subfield>
      <subfield code="a">xxvi, 2 v. ([427] h. en varias foliaciones) : </subfield>
      <subfield code="b">il. ; </subfield>
      <subfield code="a">155 p. : </subfield>
      <subfield code="a">p. 285-448 : </subfield>
      <subfield code="b">il. ; </subfield>
      <subfield code="a">313 p. : </subfield>
      <subfield code="a">48 h. : </subfield>
      <subfield code="b">il. ; </subfield>
      <subfield code="a">255 p. : </subfield>
      <subfield code="b">il. ; </subfield>
      <subfield code="a">481 p. : </subfield>
      <subfield code="b">il. ; </subfield>
      <subfield code="a">6 v. : </subfield>
      <subfield code="a">42 p. : </subfield>
      <subfield code="b">il. ; </subfield>
      <subfield code="a">x, 456 p. : </subfield>
      <subfield code="b">il. ; </subfield>
      <subfield code="a">230 p. : </subfield>
      <subfield code="a">325 p. : </subfield>
      <subfield code="b">il. ; </subfield>
      <subfield code="a">x, 359 p. : </subfield>
      <subfield code="b">il. ; </subfield>
      <subfield code="a">xv, 308 p. : </subfield>
      <subfield code="b">il. ; </subfield>
      <subfield code="a">x, 359 p. : </subfield>
      <subfield code="b">il. ; </subfield>
      <subfield code="a">2 v. : </subfield>
      <subfield code="b">il. ; </subfield>
      <subfield code="a">242 p. : </subfield>
      <subfield code="b">il. ; </subfield>
      <subfield code="a">xvi, 477 p. : </subfield>
      <subfield code="a">114 h. : </subfield>
      <subfield code="b">il. ; </subfield>
      <subfield code="a">[358] p. en varias paginaciones : </subfield>
      <subfield code="b">il. ; </subfield>
      <subfield code="a">70 h. : </subfield>
      <subfield code="b">il. ; </subfield>
      <subfield code="a">262 p. : </subfield>
      <subfield code="b">il. ; </subfield>
      <subfield code="a">428 p. : </subfield>
      <subfield code="b">il. ; </subfield>
      <subfield code="a">xvii, 444 p. : </subfield>
      <subfield code="a">xv, 176 p. : </subfield>
      <subfield code="b">il. ; </subfield>
      <subfield code="a">xxv, 590 p. : </subfield>
      <subfield code="b">il. ; </subfield>
      <subfield code="a">xiii, 297 p. : </subfield>
      <subfield code="b">il. ; </subfield>
      <subfield code="a">v. : </subfield>
      <subfield code="b">il. ; </subfield>
      <subfield code="a">xvi, 415 p. : </subfield>
      <subfield code="b">il. ; </subfield>
      <subfield code="a">xxxiv, 1100 p. : </subfield>
      <subfield code="b">il. ; </subfield>
      <subfield code="a">702 p. : </subfield>
      <subfield code="a">xxvi, 1142 p. : </subfield>
      <subfield code="b">il. ; </subfield>
      <subfield code="a">xxi, 632 p. : </subfield>
      <subfield code="b">il. ; </subfield>
      <subfield code="a">xix, 427 p. : </subfield>
      <subfield code="b">il. ; </subfield>
      <subfield code="a">xiii, 317 p. : </subfield>
      <subfield code="b">il. ; </subfield>
      <subfield code="a">ix, 263 p. : </subfield>
      <subfield code="a">xxiii, 680 p. : </subfield>
      <subfield code="b">il. ; </subfield>
      <subfield code="a">xlii, 753 p. : </subfield>
      <subfield code="b">il. ; </subfield>
      <subfield code="a">xiii, 159 p. : </subfield>
      <subfield code="b">il. ; </subfield>
      <subfield code="a">xxvi, [678] p. en varias paginaciones : </subfield>
      <subfield code="b">il. ; </subfield>
      <subfield code="e">2 CD-ROM en bolsillo</subfield>
    </datafield>
    <datafield tag="500" ind1=" " ind2=" ">
      <subfield code="a">Contenido del CD-ROM: Project management silmulation software - CD-2: Microsof Office Project server 2003 (version 2003, 120 day-trial)</subfield>
    </datafield>
    <datafield tag="650" ind1=" " ind2=" ">
      <subfield code="a"> ADMINISTRACION DE EMPRESAS</subfield>
    </datafield>
    <datafield tag="650" ind1=" " ind2=" ">
      <subfield code="a"> GESTION EMPRESARIAL</subfield>
    </datafield>
    <datafield tag="650" ind1=" " ind2=" ">
      <subfield code="a"> ELABORACION DE PROYECTOS</subfield>
    </datafield>
    <datafield tag="650" ind1=" " ind2=" ">
      <subfield code="a"> TECNOLOGIA DE LA INFORMACION</subfield>
    </datafield>
    <datafield tag="942" ind1=" " ind2=" ">
      <subfield code="c">BK</subfield>
    </datafield>
    <datafield tag="952" ind1=" " ind2=" ">
      <subfield code="a">BIB_RECT</subfield>
      <subfield code="b">BIB_UACO</subfield>
      <subfield code="d">2007-09-02</subfield>
      <subfield code="y">BK</subfield>
      <subfield code="p">02-33410</subfield>
      <subfield code="i">02-33410</subfield>
      <subfield code="g">286</subfield>
      <subfield code="o">65.012.4 S398i4</subfield>
      <subfield code="e">Compra UACO</subfield>
      <subfield code="8">CG</subfield>
    </datafield>
  </record>