
  <record>
    <leader>01000aam  22002601a 4500</leader>
    <controlfield tag="001">YPZ87079</controlfield>
    <controlfield tag="003">YPZ</controlfield>
    <controlfield tag="005">200710041700050</controlfield>
    <controlfield tag="008">071004|###########||||||b||||||||||spa|d</controlfield>
    <datafield tag="040" ind1=" " ind2=" ">
      <subfield code="c">SIUNPA</subfield>
    </datafield>
    <datafield tag="041" ind1=" " ind2=" ">
      <subfield code="a">spa</subfield>
    </datafield>
    <datafield tag="044" ind1=" " ind2=" ">
      <subfield code="a">AR</subfield>
    </datafield>
    <datafield tag="080" ind1=" " ind2=" ">
      <subfield code="a">368.01 F727f</subfield>
    </datafield>
    <datafield tag="110" ind1=" " ind2=" ">
      <subfield code="a">Foro Nacional del Seguro (2005 : Buenos Aires).</subfield>
    </datafield>
    <datafield tag="245" ind1=" " ind2=" ">
      <subfield code="a">Foro nacional del seguro 2005</subfield>
    </datafield>
    <datafield tag="260" ind1=" " ind2=" ">
      <subfield code="a">Buenos Aires</subfield>
      <subfield code="b"> : Asociación Argentina de Productores Asesores de Seguros</subfield>
      <subfield code="b"> : Mercado Asegurador</subfield>
      <subfield code="b"> : Todo Riesgo</subfield>
      <subfield code="c"> , [2005?]</subfield>
    </datafield>
    <datafield tag="650" ind1=" " ind2=" ">
      <subfield code="a"> SEGUROS</subfield>
    </datafield>
    <datafield tag="650" ind1=" " ind2=" ">
      <subfield code="a"> ARGENTINA</subfield>
    </datafield>
    <datafield tag="942" ind1=" " ind2=" ">
      <subfield code="c">BK</subfield>
    </datafield>
    <datafield tag="952" ind1=" " ind2=" ">
      <subfield code="a">BIB_RECT</subfield>
      <subfield code="b">BIB_UASJ</subfield>
      <subfield code="d">2007-10-04</subfield>
      <subfield code="y">BK</subfield>
      <subfield code="p">04-33361</subfield>
      <subfield code="i">04-33361</subfield>
      <subfield code="g">10</subfield>
      <subfield code="o">368.01 F727f</subfield>
      <subfield code="e">Donación Instituto de lengua inglesa SJ</subfield>
      <subfield code="8">CG</subfield>
    </datafield>
    <datafield tag="952" ind1=" " ind2=" ">
      <subfield code="a">BIB_RECT</subfield>
      <subfield code="b">BIB_UASJ</subfield>
      <subfield code="d">2007-10-04</subfield>
      <subfield code="y">BK</subfield>
      <subfield code="p">04-33496</subfield>
      <subfield code="i">04-33496</subfield>
      <subfield code="g">10</subfield>
      <subfield code="o">368.01 F727f</subfield>
      <subfield code="e">Donación Instituto de lengua inglesa SJ</subfield>
      <subfield code="8">CG</subfield>
    </datafield>
    <datafield tag="952" ind1=" " ind2=" ">
      <subfield code="a">BIB_RECT</subfield>
      <subfield code="b">BIB_UASJ</subfield>
      <subfield code="d">2007-10-04</subfield>
      <subfield code="y">BK</subfield>
      <subfield code="p">04-33497</subfield>
      <subfield code="i">04-33497</subfield>
      <subfield code="g">10</subfield>
      <subfield code="o">368.01 F727f</subfield>
      <subfield code="e">Donación Instituto de lengua i</subfield>
      <subfield code="8">CG</subfield>
    </datafield>
  </record>