
  <record>
    <leader>01000aam  22002601a 4500</leader>
    <controlfield tag="001">YPZ87088</controlfield>
    <controlfield tag="003">YPZ</controlfield>
    <controlfield tag="005">200710051643570</controlfield>
    <controlfield tag="008">071005|###########||||||b||||||||||spa|d</controlfield>
    <datafield tag="020" ind1=" " ind2=" ">
      <subfield code="a">0735711216</subfield>
    </datafield>
    <datafield tag="040" ind1=" " ind2=" ">
      <subfield code="c">SIUNPA</subfield>
    </datafield>
    <datafield tag="041" ind1=" " ind2=" ">
      <subfield code="a">eng</subfield>
    </datafield>
    <datafield tag="044" ind1=" " ind2=" ">
      <subfield code="a">US</subfield>
    </datafield>
    <datafield tag="080" ind1=" " ind2=" ">
      <subfield code="a">004.738.5 S859p</subfield>
    </datafield>
    <datafield tag="100" ind1=" " ind2=" ">
      <subfield code="a">Stinson, Barry.</subfield>
    </datafield>
    <datafield tag="245" ind1=" " ind2=" ">
      <subfield code="a">PostgreSQL essential reference</subfield>
    </datafield>
    <datafield tag="250" ind1=" " ind2=" ">
      <subfield code="a">1st ed.</subfield>
    </datafield>
    <datafield tag="260" ind1=" " ind2=" ">
      <subfield code="a">Indianapolis, IN</subfield>
      <subfield code="b"> : New Riders</subfield>
      <subfield code="c"> , 2001</subfield>
    </datafield>
    <datafield tag="650" ind1=" " ind2=" ">
      <subfield code="a"> LENGUAJE SQL</subfield>
    </datafield>
    <datafield tag="650" ind1=" " ind2=" ">
      <subfield code="a"> DISEÑO DE BASE DE DATOS</subfield>
    </datafield>
    <datafield tag="650" ind1=" " ind2=" ">
      <subfield code="a"> PAGINA WEB</subfield>
    </datafield>
    <datafield tag="942" ind1=" " ind2=" ">
      <subfield code="c">BK</subfield>
    </datafield>
    <datafield tag="952" ind1=" " ind2=" ">
      <subfield code="a">BIB_RECT</subfield>
      <subfield code="b">BIB_UACO</subfield>
      <subfield code="d">2007-09-24</subfield>
      <subfield code="y">BK</subfield>
      <subfield code="p">02-33417</subfield>
      <subfield code="i">02-33417</subfield>
      <subfield code="g">135</subfield>
      <subfield code="o">004.738.5 S859p</subfield>
      <subfield code="e">Compra UACO</subfield>
      <subfield code="8">CG</subfield>
    </datafield>
    <datafield tag="952" ind1=" " ind2=" ">
      <subfield code="a">BIB_RECT</subfield>
      <subfield code="b">BIB_UACO</subfield>
      <subfield code="d">2007-09-24</subfield>
      <subfield code="y">BK</subfield>
      <subfield code="p">02-33418</subfield>
      <subfield code="i">02-33418</subfield>
      <subfield code="g">135</subfield>
      <subfield code="o">004.738.5 S859p</subfield>
      <subfield code="e">Compra UACO</subfield>
      <subfield code="8">CG</subfield>
    </datafield>
  </record>