
  <record>
    <leader>01000aam  22002601a 4500</leader>
    <controlfield tag="001">YPZ87091</controlfield>
    <controlfield tag="003">YPZ</controlfield>
    <controlfield tag="005">200710091232120</controlfield>
    <controlfield tag="008">071009|###########||||||b||||||||||spa|d</controlfield>
    <datafield tag="020" ind1=" " ind2=" ">
      <subfield code="a">0131423940</subfield>
    </datafield>
    <datafield tag="020" ind1=" " ind2=" ">
      <subfield code="a">013149869X (CDROM)</subfield>
    </datafield>
    <datafield tag="040" ind1=" " ind2=" ">
      <subfield code="c">SIUNPA</subfield>
    </datafield>
    <datafield tag="041" ind1=" " ind2=" ">
      <subfield code="a">eng</subfield>
    </datafield>
    <datafield tag="044" ind1=" " ind2=" ">
      <subfield code="a">US</subfield>
    </datafield>
    <datafield tag="080" ind1=" " ind2=" ">
      <subfield code="a">004 E924t</subfield>
    </datafield>
    <datafield tag="100" ind1=" " ind2=" ">
      <subfield code="a">Evans, Alan.</subfield>
    </datafield>
    <datafield tag="700" ind1=" " ind2=" ">
      <subfield code="a">Martin, Kendall.</subfield>
    </datafield>
    <datafield tag="700" ind1=" " ind2=" ">
      <subfield code="a">Poatsy, Mary Anne.</subfield>
    </datafield>
    <datafield tag="245" ind1=" " ind2=" ">
      <subfield code="a">Technology in action</subfield>
    </datafield>
    <datafield tag="260" ind1=" " ind2=" ">
      <subfield code="a">Upper Saddle River, N.J.</subfield>
      <subfield code="b"> : Prentice Hall</subfield>
      <subfield code="c"> , 2005</subfield>
    </datafield>
    <datafield tag="300" ind1=" " ind2=" ">
      <subfield code="a">335 p. : </subfield>
      <subfield code="b">il. ; </subfield>
      <subfield code="a">v. : </subfield>
      <subfield code="b">il. ; </subfield>
      <subfield code="a">xxxii, 1065 p. : </subfield>
      <subfield code="b">il. ; </subfield>
      <subfield code="a">xxiii, 462 p. : </subfield>
      <subfield code="b">il. ; </subfield>
      <subfield code="a">122 p. : </subfield>
      <subfield code="b">il. ; </subfield>
      <subfield code="a">xxiv, 575 p. : </subfield>
      <subfield code="b">il. ; </subfield>
      <subfield code="a">xxxii, 854 p. : </subfield>
      <subfield code="b">il. ; </subfield>
      <subfield code="a">xxx, 700 p. : </subfield>
      <subfield code="b">il. ; </subfield>
      <subfield code="a">xi, 387 p. : </subfield>
      <subfield code="b">il. ; </subfield>
      <subfield code="a">xxvi, 277 p. : </subfield>
      <subfield code="b">il. ; </subfield>
      <subfield code="a">xvi, 195 p. : </subfield>
      <subfield code="b">il. ; </subfield>
      <subfield code="a">ix, 213 p. : </subfield>
      <subfield code="b">il. ; </subfield>
      <subfield code="a">xiv, 471 p. : </subfield>
      <subfield code="b">il. ; </subfield>
      <subfield code="a">xxiii, 371 p. : </subfield>
      <subfield code="a">viii, 390 p. : </subfield>
      <subfield code="b">il. ; </subfield>
      <subfield code="a">xvii, 517 p. : </subfield>
      <subfield code="b">il. ; </subfield>
      <subfield code="a">xxxi, 435 p. : </subfield>
      <subfield code="b">il. ; </subfield>
      <subfield code="e">1 CD-ROM en bolsillo</subfield>
    </datafield>
    <datafield tag="500" ind1=" " ind2=" ">
      <subfield code="a">Título de partida: Introductory edition</subfield>
    </datafield>
    <datafield tag="500" ind1=" " ind2=" ">
      <subfield code="a">Contenido del CD-ROM: Animations -  TechTV videos that provide real-world application of today's hot technologies - Quizzes to check your knowledge - End of chapter material and Internet exercises for extra practice and links to many online resources</subfield>
    </datafield>
    <datafield tag="650" ind1=" " ind2=" ">
      <subfield code="a"> HARDWARE</subfield>
    </datafield>
    <datafield tag="650" ind1=" " ind2=" ">
      <subfield code="a"> SOFTWARE</subfield>
    </datafield>
    <datafield tag="650" ind1=" " ind2=" ">
      <subfield code="a"> COMPUTADORAS</subfield>
    </datafield>
    <datafield tag="650" ind1=" " ind2=" ">
      <subfield code="a"> ARQUITECTURA DE COMPUTADORAS</subfield>
    </datafield>
    <datafield tag="942" ind1=" " ind2=" ">
      <subfield code="c">BK</subfield>
    </datafield>
    <datafield tag="952" ind1=" " ind2=" ">
      <subfield code="a">BIB_RECT</subfield>
      <subfield code="b">BIB_UACO</subfield>
      <subfield code="d">2007-09-29</subfield>
      <subfield code="y">BK</subfield>
      <subfield code="p">02-33430</subfield>
      <subfield code="i">02-33430</subfield>
      <subfield code="g">227</subfield>
      <subfield code="o">004 E924t</subfield>
      <subfield code="e">Compra UACO</subfield>
      <subfield code="8">CG</subfield>
    </datafield>
    <datafield tag="952" ind1=" " ind2=" ">
      <subfield code="a">BIB_RECT</subfield>
      <subfield code="b">BIB_UACO</subfield>
      <subfield code="d">2007-09-24</subfield>
      <subfield code="y">BK</subfield>
      <subfield code="p">02-33431</subfield>
      <subfield code="i">02-33431</subfield>
      <subfield code="g">227</subfield>
      <subfield code="o">004 E924t</subfield>
      <subfield code="e">Compra UACO</subfield>
      <subfield code="8">CG</subfield>
    </datafield>
  </record>