
  <record>
    <leader>01000aam  22002601a 4500</leader>
    <controlfield tag="001">YPZ87104</controlfield>
    <controlfield tag="003">YPZ</controlfield>
    <controlfield tag="005">200710101702540</controlfield>
    <controlfield tag="008">071010|###########||||||b||||||||||spa|d</controlfield>
    <datafield tag="020" ind1=" " ind2=" ">
      <subfield code="a">8480884495</subfield>
    </datafield>
    <datafield tag="040" ind1=" " ind2=" ">
      <subfield code="c">SIUNPA</subfield>
    </datafield>
    <datafield tag="041" ind1=" " ind2=" ">
      <subfield code="a">spa</subfield>
    </datafield>
    <datafield tag="044" ind1=" " ind2=" ">
      <subfield code="a">ES</subfield>
    </datafield>
    <datafield tag="080" ind1=" " ind2=" ">
      <subfield code="a">338.48 V195g</subfield>
    </datafield>
    <datafield tag="100" ind1=" " ind2=" ">
      <subfield code="a">Valls, Josep-Francesc.</subfield>
    </datafield>
    <datafield tag="245" ind1=" " ind2=" ">
      <subfield code="a">Gestión de empresas de turismo y ocio</subfield>
      <subfield code="b"> : el arte de provocar la satisfacción</subfield>
    </datafield>
    <datafield tag="250" ind1=" " ind2=" ">
      <subfield code="a">1a ed.</subfield>
    </datafield>
    <datafield tag="260" ind1=" " ind2=" ">
      <subfield code="a">Barcelona</subfield>
      <subfield code="b"> : Gestión 2000</subfield>
      <subfield code="c"> , 2000</subfield>
    </datafield>
    <datafield tag="650" ind1=" " ind2=" ">
      <subfield code="a"> TURISMO</subfield>
    </datafield>
    <datafield tag="650" ind1=" " ind2=" ">
      <subfield code="a"> PLANIFICACION TURISTICA</subfield>
    </datafield>
    <datafield tag="650" ind1=" " ind2=" ">
      <subfield code="a"> EMPRESAS TURISTICAS</subfield>
    </datafield>
    <datafield tag="942" ind1=" " ind2=" ">
      <subfield code="c">BK</subfield>
    </datafield>
    <datafield tag="952" ind1=" " ind2=" ">
      <subfield code="a">BIB_RECT</subfield>
      <subfield code="b">BIB_UACO</subfield>
      <subfield code="d">2007-09-26</subfield>
      <subfield code="y">BK</subfield>
      <subfield code="p">02-33467</subfield>
      <subfield code="i">02-33467</subfield>
      <subfield code="g">35</subfield>
      <subfield code="o">338.48 V195g</subfield>
      <subfield code="e">Compra UACO</subfield>
      <subfield code="8">CG</subfield>
    </datafield>
  </record>