
  <record>
    <leader>01000aam  22002601a 4500</leader>
    <controlfield tag="001">YPZ87107</controlfield>
    <controlfield tag="003">YPZ</controlfield>
    <controlfield tag="005">200710101815350</controlfield>
    <controlfield tag="008">071010|###########||||||b||||||||||spa|d</controlfield>
    <datafield tag="020" ind1=" " ind2=" ">
      <subfield code="a">8420680915</subfield>
    </datafield>
    <datafield tag="040" ind1=" " ind2=" ">
      <subfield code="c">SIUNPA</subfield>
    </datafield>
    <datafield tag="041" ind1=" " ind2=" ">
      <subfield code="a">spa</subfield>
    </datafield>
    <datafield tag="044" ind1=" " ind2=" ">
      <subfield code="a">ES</subfield>
    </datafield>
    <datafield tag="080" ind1=" " ind2=" ">
      <subfield code="a">338.48 F475t</subfield>
    </datafield>
    <datafield tag="100" ind1=" " ind2=" ">
      <subfield code="a">Figuerola, Manuel.</subfield>
    </datafield>
    <datafield tag="245" ind1=" " ind2=" ">
      <subfield code="a">Teoría económica del turismo</subfield>
    </datafield>
    <datafield tag="250" ind1=" " ind2=" ">
      <subfield code="a">1a ed., 1a reimpr.</subfield>
    </datafield>
    <datafield tag="260" ind1=" " ind2=" ">
      <subfield code="a">Madrid</subfield>
      <subfield code="b"> : Alianza</subfield>
      <subfield code="c"> , 1990</subfield>
    </datafield>
    <datafield tag="440" ind1=" " ind2=" ">
      <subfield code="a">Psicología cognitiva y educación</subfield>
      <subfield code="a">Managing object technology series</subfield>
      <subfield code="a">Programmer to programmer</subfield>
      <subfield code="a">A brain-friendly study guide</subfield>
      <subfield code="a">A brain-friendly study guide</subfield>
      <subfield code="a">Agile software development series</subfield>
      <subfield code="a">The Morgan Kaufmann series in data management systems</subfield>
      <subfield code="a">The agile software development series</subfield>
      <subfield code="a">Alianza universidad. Textos</subfield>
      <subfield code="v">91</subfield>
    </datafield>
    <datafield tag="490" ind1=" " ind2=" ">
      <subfield code="a">Psicología cognitiva y educación</subfield>
      <subfield code="a">Managing object technology series</subfield>
      <subfield code="a">Programmer to programmer</subfield>
      <subfield code="a">A brain-friendly study guide</subfield>
      <subfield code="a">A brain-friendly study guide</subfield>
      <subfield code="a">Agile software development series</subfield>
      <subfield code="a">The Morgan Kaufmann series in data management systems</subfield>
      <subfield code="a">The agile software development series</subfield>
      <subfield code="a">Alianza universidad. Textos</subfield>
      <subfield code="v">91</subfield>
    </datafield>
    <datafield tag="650" ind1=" " ind2=" ">
      <subfield code="a"> TURISMO</subfield>
    </datafield>
    <datafield tag="650" ind1=" " ind2=" ">
      <subfield code="a"> PLANIFICACION TURISTICA</subfield>
    </datafield>
    <datafield tag="942" ind1=" " ind2=" ">
      <subfield code="c">BK</subfield>
    </datafield>
    <datafield tag="952" ind1=" " ind2=" ">
      <subfield code="a">BIB_RECT</subfield>
      <subfield code="b">BIB_UACO</subfield>
      <subfield code="d">2007-09-26</subfield>
      <subfield code="y">BK</subfield>
      <subfield code="p">02-33468</subfield>
      <subfield code="i">02-33468</subfield>
      <subfield code="g">157</subfield>
      <subfield code="o">338.48 F475t</subfield>
      <subfield code="e">Compra UACO</subfield>
      <subfield code="8">CG</subfield>
    </datafield>
  </record>