
  <record>
    <leader>01000aam  22002601a 4500</leader>
    <controlfield tag="001">YPZ87120</controlfield>
    <controlfield tag="003">YPZ</controlfield>
    <controlfield tag="005">200710130947120</controlfield>
    <controlfield tag="008">071013|###########||||||b||||||||||spa|d</controlfield>
    <datafield tag="020" ind1=" " ind2=" ">
      <subfield code="a">9875212202</subfield>
    </datafield>
    <datafield tag="040" ind1=" " ind2=" ">
      <subfield code="c">SIUNPA</subfield>
    </datafield>
    <datafield tag="041" ind1=" " ind2=" ">
      <subfield code="a">spa</subfield>
    </datafield>
    <datafield tag="044" ind1=" " ind2=" ">
      <subfield code="a">AR</subfield>
    </datafield>
    <datafield tag="080" ind1=" " ind2=" ">
      <subfield code="a">634.23 C968c</subfield>
    </datafield>
    <datafield tag="245" ind1=" " ind2=" ">
      <subfield code="a">El cultivo de cerezos en Patagonia sur</subfield>
      <subfield code="b"> : tecnología de manejo, empaque y comercialización</subfield>
      <subfield code="c"> / Cittadini, Eduardo Daniel, ed. ; San Martino, Liliana, ed.</subfield>
    </datafield>
    <datafield tag="260" ind1=" " ind2=" ">
      <subfield code="a">Buenos Aires</subfield>
      <subfield code="b"> : INTA</subfield>
      <subfield code="c"> , [2006]</subfield>
    </datafield>
    <datafield tag="650" ind1=" " ind2=" ">
      <subfield code="a"> CEREZA</subfield>
    </datafield>
    <datafield tag="650" ind1=" " ind2=" ">
      <subfield code="a"> REGION PATAGONICA</subfield>
    </datafield>
    <datafield tag="650" ind1=" " ind2=" ">
      <subfield code="a"> PRUNUS AVIUM</subfield>
    </datafield>
    <datafield tag="942" ind1=" " ind2=" ">
      <subfield code="c">BK</subfield>
    </datafield>
    <datafield tag="952" ind1=" " ind2=" ">
      <subfield code="a">BIB_RECT</subfield>
      <subfield code="b">BIB_UARG</subfield>
      <subfield code="d">2007-10-09</subfield>
      <subfield code="y">BK</subfield>
      <subfield code="p">05-33501</subfield>
      <subfield code="i">05-33501</subfield>
      <subfield code="g">25</subfield>
      <subfield code="o">634.23 C968c</subfield>
      <subfield code="e">Donación Gabriel Oliva</subfield>
      <subfield code="8">CG</subfield>
    </datafield>
    <datafield tag="952" ind1=" " ind2=" ">
      <subfield code="a">BIB_RECT</subfield>
      <subfield code="b">BIB_UARG</subfield>
      <subfield code="d">2007-10-09</subfield>
      <subfield code="y">BK</subfield>
      <subfield code="p">05-33502</subfield>
      <subfield code="i">05-33502</subfield>
      <subfield code="g">25</subfield>
      <subfield code="o">634.23 C968c</subfield>
      <subfield code="e">Donación Gabriel Oliva</subfield>
      <subfield code="8">CG</subfield>
    </datafield>
    <datafield tag="952" ind1=" " ind2=" ">
      <subfield code="a">BIB_RECT</subfield>
      <subfield code="b">BIB_UARG</subfield>
      <subfield code="d">2009-09-10</subfield>
      <subfield code="y">BK</subfield>
      <subfield code="p">05-38338</subfield>
      <subfield code="i">05-38338</subfield>
      <subfield code="g">49</subfield>
      <subfield code="o">634.23 C968c</subfield>
      <subfield code="e">Cittadini/San Martino</subfield>
      <subfield code="8">CG</subfield>
    </datafield>
    <datafield tag="952" ind1=" " ind2=" ">
      <subfield code="a">BIB_RECT</subfield>
      <subfield code="b">BIB_UARG</subfield>
      <subfield code="d">2009-09-10</subfield>
      <subfield code="y">BK</subfield>
      <subfield code="p">05-38339</subfield>
      <subfield code="i">05-38339</subfield>
      <subfield code="g">49</subfield>
      <subfield code="o">634.23 C968c</subfield>
      <subfield code="e">Cittadini/San Martino</subfield>
      <subfield code="8">CG</subfield>
    </datafield>
  </record>