
  <record>
    <leader>01000aam  22002601a 4500</leader>
    <controlfield tag="001">YPZ87121</controlfield>
    <controlfield tag="003">YPZ</controlfield>
    <controlfield tag="005">200710131006110</controlfield>
    <controlfield tag="008">071013|###########||||||b||||||||||spa|d</controlfield>
    <datafield tag="020" ind1=" " ind2=" ">
      <subfield code="a">9789872353605</subfield>
    </datafield>
    <datafield tag="040" ind1=" " ind2=" ">
      <subfield code="c">SIUNPA</subfield>
    </datafield>
    <datafield tag="041" ind1=" " ind2=" ">
      <subfield code="a">spa</subfield>
    </datafield>
    <datafield tag="044" ind1=" " ind2=" ">
      <subfield code="a">AR</subfield>
    </datafield>
    <datafield tag="080" ind1=" " ind2=" ">
      <subfield code="a">616-057 P312p</subfield>
    </datafield>
    <datafield tag="100" ind1=" " ind2=" ">
      <subfield code="a">Capone, Lilian.</subfield>
    </datafield>
    <datafield tag="700" ind1=" " ind2=" ">
      <subfield code="a">Consiglio, Ezequiel.</subfield>
    </datafield>
    <datafield tag="700" ind1=" " ind2=" ">
      <subfield code="a">Fulgenzi, Augusto E..</subfield>
    </datafield>
    <datafield tag="700" ind1=" " ind2=" ">
      <subfield code="a">Jarés, Edgardo.</subfield>
    </datafield>
    <datafield tag="700" ind1=" " ind2=" ">
      <subfield code="a">Labbate, Antonio.</subfield>
    </datafield>
    <datafield tag="700" ind1=" " ind2=" ">
      <subfield code="a">Poropat, Alejandra.</subfield>
    </datafield>
    <datafield tag="245" ind1=" " ind2=" ">
      <subfield code="a">Patología respiratoria de origen ocupacional</subfield>
      <subfield code="b"> : ateneo SRT, AAMR</subfield>
    </datafield>
    <datafield tag="260" ind1=" " ind2=" ">
      <subfield code="a">Buenos Aires</subfield>
      <subfield code="b"> : Superintendencia de Riesgos del Trabajo, SRT</subfield>
      <subfield code="c"> , 2007</subfield>
    </datafield>
    <datafield tag="650" ind1=" " ind2=" ">
      <subfield code="a"> ENFERMEDADES LABORALES</subfield>
    </datafield>
    <datafield tag="650" ind1=" " ind2=" ">
      <subfield code="a"> SALUD LABORAL</subfield>
    </datafield>
    <datafield tag="650" ind1=" " ind2=" ">
      <subfield code="a"> MEDICINA DEL TRABAJO</subfield>
    </datafield>
    <datafield tag="942" ind1=" " ind2=" ">
      <subfield code="c">BK</subfield>
    </datafield>
    <datafield tag="952" ind1=" " ind2=" ">
      <subfield code="a">BIB_RECT</subfield>
      <subfield code="b">BIB_UASJ</subfield>
      <subfield code="d">2009-03-17</subfield>
      <subfield code="y">BK</subfield>
      <subfield code="p">04-37369</subfield>
      <subfield code="i">04-37369</subfield>
      <subfield code="g">25</subfield>
      <subfield code="o">616-057 P312p</subfield>
      <subfield code="e">Superintendencia de Riesgos del Trabajo</subfield>
      <subfield code="8">CG</subfield>
    </datafield>
    <datafield tag="952" ind1=" " ind2=" ">
      <subfield code="a">BIB_RECT</subfield>
      <subfield code="b">BIB_UARG</subfield>
      <subfield code="d">2007-10-09</subfield>
      <subfield code="y">BK</subfield>
      <subfield code="p">05-33499</subfield>
      <subfield code="i">05-33499</subfield>
      <subfield code="g">25</subfield>
      <subfield code="o">616-057 P312p</subfield>
      <subfield code="e">Superintendencia de Riesgos del Trabajo</subfield>
      <subfield code="8">CG</subfield>
    </datafield>
  </record>