
  <record>
    <leader>01000aam  22002601a 4500</leader>
    <controlfield tag="001">YPZ87129</controlfield>
    <controlfield tag="003">YPZ</controlfield>
    <controlfield tag="005">200710161422180</controlfield>
    <controlfield tag="008">071016|###########||||||b||||||||||spa|d</controlfield>
    <datafield tag="020" ind1=" " ind2=" ">
      <subfield code="a">9789872192877</subfield>
    </datafield>
    <datafield tag="040" ind1=" " ind2=" ">
      <subfield code="c">SIUNPA</subfield>
    </datafield>
    <datafield tag="041" ind1=" " ind2=" ">
      <subfield code="a">spa</subfield>
    </datafield>
    <datafield tag="044" ind1=" " ind2=" ">
      <subfield code="a">AR</subfield>
    </datafield>
    <datafield tag="080" ind1=" " ind2=" ">
      <subfield code="a">331.101.1 A171a</subfield>
    </datafield>
    <datafield tag="100" ind1=" " ind2=" ">
      <subfield code="a">Poy, Mario.</subfield>
    </datafield>
    <datafield tag="700" ind1=" " ind2=" ">
      <subfield code="a">Aslanides, Michelle.</subfield>
    </datafield>
    <datafield tag="700" ind1=" " ind2=" ">
      <subfield code="a">Blanklejder, Alexis.</subfield>
    </datafield>
    <datafield tag="700" ind1=" " ind2=" ">
      <subfield code="a">Bocchicchio, Fabiana.</subfield>
    </datafield>
    <datafield tag="245" ind1=" " ind2=" ">
      <subfield code="a">Acciones sobre empresas PyME nacionales de industria y servicios</subfield>
      <subfield code="b"> : repertorio de recomendaciones ergonómicas</subfield>
    </datafield>
    <datafield tag="260" ind1=" " ind2=" ">
      <subfield code="a">La Plata</subfield>
      <subfield code="b"> : Superintendencia de Riesgos del Trabajo, SRT</subfield>
      <subfield code="b"> : Ministerio de Trabajo, Empleo y Seguridad Social</subfield>
      <subfield code="c"> , 2007</subfield>
    </datafield>
    <datafield tag="440" ind1=" " ind2=" ">
      <subfield code="a">Programa de promoción de la investigación, formación y divulgación sobre riesgos del trabajo</subfield>
      <subfield code="v">004</subfield>
    </datafield>
    <datafield tag="490" ind1=" " ind2=" ">
      <subfield code="a">Programa de promoción de la investigación, formación y divulgación sobre riesgos del trabajo</subfield>
      <subfield code="v">004</subfield>
    </datafield>
    <datafield tag="500" ind1=" " ind2=" ">
      <subfield code="a">Otro subtít.: medidas sencillas y de bajo costo</subfield>
    </datafield>
    <datafield tag="650" ind1=" " ind2=" ">
      <subfield code="a"> ERGONOMIA</subfield>
    </datafield>
    <datafield tag="650" ind1=" " ind2=" ">
      <subfield code="a"> SEGURIDAD DEL TRABAJO</subfield>
    </datafield>
    <datafield tag="650" ind1=" " ind2=" ">
      <subfield code="a"> SALUD LABORAL</subfield>
    </datafield>
    <datafield tag="650" ind1=" " ind2=" ">
      <subfield code="a"> PUESTOS DE TRABAJO</subfield>
    </datafield>
    <datafield tag="942" ind1=" " ind2=" ">
      <subfield code="c">BK</subfield>
    </datafield>
    <datafield tag="952" ind1=" " ind2=" ">
      <subfield code="a">BIB_RECT</subfield>
      <subfield code="b">BIB_UASJ</subfield>
      <subfield code="d">2009-03-17</subfield>
      <subfield code="y">BK</subfield>
      <subfield code="p">04-37374</subfield>
      <subfield code="i">04-37374</subfield>
      <subfield code="g">35</subfield>
      <subfield code="o">331.101.1 A171a</subfield>
      <subfield code="e">S.R.T.</subfield>
      <subfield code="8">CG</subfield>
    </datafield>
    <datafield tag="952" ind1=" " ind2=" ">
      <subfield code="a">BIB_RECT</subfield>
      <subfield code="b">BIB_UARG</subfield>
      <subfield code="d">2007-10-09</subfield>
      <subfield code="y">BK</subfield>
      <subfield code="p">05-33515</subfield>
      <subfield code="i">05-33515</subfield>
      <subfield code="g">35</subfield>
      <subfield code="o">331.101.1 A171a</subfield>
      <subfield code="e">S.R.T.</subfield>
      <subfield code="8">CG</subfield>
    </datafield>
  </record>