
  <record>
    <leader>01000aam  22002601a 4500</leader>
    <controlfield tag="001">YPZ87134</controlfield>
    <controlfield tag="003">YPZ</controlfield>
    <controlfield tag="005">200710171632360</controlfield>
    <controlfield tag="008">071017|###########||||||b||||||||||spa|d</controlfield>
    <datafield tag="020" ind1=" " ind2=" ">
      <subfield code="a">9872192839</subfield>
    </datafield>
    <datafield tag="040" ind1=" " ind2=" ">
      <subfield code="c">SIUNPA</subfield>
    </datafield>
    <datafield tag="041" ind1=" " ind2=" ">
      <subfield code="a">spa</subfield>
    </datafield>
    <datafield tag="044" ind1=" " ind2=" ">
      <subfield code="a">AR</subfield>
    </datafield>
    <datafield tag="080" ind1=" " ind2=" ">
      <subfield code="a">331.45 S471a 2</subfield>
    </datafield>
    <datafield tag="110" ind1=" " ind2=" ">
      <subfield code="a">Semana Argentina de la Salud y Seguridad en el Trabajo (2 : 2005 : Buenos Aires).</subfield>
    </datafield>
    <datafield tag="245" ind1=" " ind2=" ">
      <subfield code="a">II Semana Argentina de la salud y  seguridad en el trabajo</subfield>
      <subfield code="b"> : presentaciones 2005</subfield>
    </datafield>
    <datafield tag="260" ind1=" " ind2=" ">
      <subfield code="a">Buenos Aires</subfield>
      <subfield code="b"> : Superintendencia de Riesgos del Trabajo, SRT</subfield>
      <subfield code="c"> , 2006</subfield>
    </datafield>
    <datafield tag="650" ind1=" " ind2=" ">
      <subfield code="a"> SEGURIDAD DEL TRABAJO</subfield>
    </datafield>
    <datafield tag="650" ind1=" " ind2=" ">
      <subfield code="a"> SALUD LABORAL</subfield>
    </datafield>
    <datafield tag="650" ind1=" " ind2=" ">
      <subfield code="a"> NORMAS DE TRABAJO </subfield>
    </datafield>
    <datafield tag="650" ind1=" " ind2=" ">
      <subfield code="a"> TRABAJO</subfield>
    </datafield>
    <datafield tag="650" ind1=" " ind2=" ">
      <subfield code="a"> AMERICA LATINA</subfield>
    </datafield>
    <datafield tag="650" ind1=" " ind2=" ">
      <subfield code="a"> CARIBE</subfield>
    </datafield>
    <datafield tag="942" ind1=" " ind2=" ">
      <subfield code="c">BK</subfield>
    </datafield>
    <datafield tag="952" ind1=" " ind2=" ">
      <subfield code="a">BIB_RECT</subfield>
      <subfield code="b">BIB_UASJ</subfield>
      <subfield code="d">2009-03-17</subfield>
      <subfield code="y">BK</subfield>
      <subfield code="p">04-37367</subfield>
      <subfield code="i">04-37367</subfield>
      <subfield code="g">49</subfield>
      <subfield code="o">331.45 S471a 2</subfield>
      <subfield code="e">Superintendencia de Riesgos del Trabajo</subfield>
      <subfield code="8">CG</subfield>
    </datafield>
    <datafield tag="952" ind1=" " ind2=" ">
      <subfield code="a">BIB_RECT</subfield>
      <subfield code="b">BIB_UARG</subfield>
      <subfield code="d">2007-10-09</subfield>
      <subfield code="y">BK</subfield>
      <subfield code="p">05-33510</subfield>
      <subfield code="i">05-33510</subfield>
      <subfield code="g">49</subfield>
      <subfield code="o">331.45 S471a 2</subfield>
      <subfield code="e">Superintendencia de Riesgos del Trabajo</subfield>
      <subfield code="8">CG</subfield>
    </datafield>
  </record>