
  <record>
    <leader>01000aam  22002601a 4500</leader>
    <controlfield tag="001">YPZ87142</controlfield>
    <controlfield tag="003">YPZ</controlfield>
    <controlfield tag="005">200710181206420</controlfield>
    <controlfield tag="008">071018|###########||||||b||||||||||spa|d</controlfield>
    <datafield tag="020" ind1=" " ind2=" ">
      <subfield code="a">0415413796</subfield>
    </datafield>
    <datafield tag="040" ind1=" " ind2=" ">
      <subfield code="c">SIUNPA</subfield>
    </datafield>
    <datafield tag="041" ind1=" " ind2=" ">
      <subfield code="a">eng</subfield>
    </datafield>
    <datafield tag="044" ind1=" " ind2=" ">
      <subfield code="a">UK</subfield>
    </datafield>
    <datafield tag="080" ind1=" " ind2=" ">
      <subfield code="a">910.4 A627a</subfield>
    </datafield>
    <datafield tag="245" ind1=" " ind2=" ">
      <subfield code="a">Antarctic Peninsula and Tierra del Fuego</subfield>
      <subfield code="b"> : 100 years of swedish-argentine scientific cooperation at the end of the world</subfield>
      <subfield code="c"> / Rabassa, Jorge, ed. ; Borla, María Laura, ed.</subfield>
    </datafield>
    <datafield tag="260" ind1=" " ind2=" ">
      <subfield code="a">Londres</subfield>
      <subfield code="b"/>
      <subfield code="c"> , 2007</subfield>
    </datafield>
    <datafield tag="500" ind1=" " ind2=" ">
      <subfield code="a">En portada:  proceedings of Otto Nordenskjöld’s Antarctic Expedition of 1901-1903 and Swedish scientists in Patagonia : a symposium held in Buenos Aires, La Plata, and Ushuaia, Argentina, March 2-7, 2003</subfield>
    </datafield>
    <datafield tag="650" ind1=" " ind2=" ">
      <subfield code="a"> EXPEDICION CIENTIFICA</subfield>
    </datafield>
    <datafield tag="650" ind1=" " ind2=" ">
      <subfield code="a"> REGION ANTARTICA</subfield>
    </datafield>
    <datafield tag="650" ind1=" " ind2=" ">
      <subfield code="a"> REGION PATAGONICA</subfield>
    </datafield>
    <datafield tag="650" ind1=" " ind2=" ">
      <subfield code="a"> TIERRA DEL FUEGO</subfield>
    </datafield>
    <datafield tag="942" ind1=" " ind2=" ">
      <subfield code="c">BK</subfield>
    </datafield>
    <datafield tag="952" ind1=" " ind2=" ">
      <subfield code="a">BIB_RECT</subfield>
      <subfield code="b">BIB_UARG</subfield>
      <subfield code="d">2007-10-09</subfield>
      <subfield code="y">BK</subfield>
      <subfield code="p">05-33507</subfield>
      <subfield code="i">05-33507</subfield>
      <subfield code="g">120</subfield>
      <subfield code="o">910.4 A627a</subfield>
      <subfield code="e">Donación Rabassa, Jorge</subfield>
      <subfield code="8">CG</subfield>
    </datafield>
  </record>