
  <record>
    <leader>01000aam  22002601a 4500</leader>
    <controlfield tag="001">YPZ87150</controlfield>
    <controlfield tag="003">YPZ</controlfield>
    <controlfield tag="005">200710181843290</controlfield>
    <controlfield tag="008">071018|###########||||||b||||||||||spa|d</controlfield>
    <datafield tag="020" ind1=" " ind2=" ">
      <subfield code="a">0131872893</subfield>
    </datafield>
    <datafield tag="020" ind1=" " ind2=" ">
      <subfield code="a">0131872907 (CDROM)</subfield>
    </datafield>
    <datafield tag="040" ind1=" " ind2=" ">
      <subfield code="c">SIUNPA</subfield>
    </datafield>
    <datafield tag="041" ind1=" " ind2=" ">
      <subfield code="a">eng</subfield>
    </datafield>
    <datafield tag="044" ind1=" " ind2=" ">
      <subfield code="a">US</subfield>
    </datafield>
    <datafield tag="080" ind1=" " ind2=" ">
      <subfield code="a">004.43 D188l</subfield>
    </datafield>
    <datafield tag="100" ind1=" " ind2=" ">
      <subfield code="a">Dann, Wanda.</subfield>
    </datafield>
    <datafield tag="700" ind1=" " ind2=" ">
      <subfield code="a">Cooper, Stephen.</subfield>
    </datafield>
    <datafield tag="700" ind1=" " ind2=" ">
      <subfield code="a">Pausch, Randy.</subfield>
    </datafield>
    <datafield tag="245" ind1=" " ind2=" ">
      <subfield code="a">Learning to program with Alice</subfield>
    </datafield>
    <datafield tag="260" ind1=" " ind2=" ">
      <subfield code="a">Upper Saddle River, NJ</subfield>
      <subfield code="b"> : Pearson Prentice Hall</subfield>
      <subfield code="c"> , 2006</subfield>
    </datafield>
    <datafield tag="300" ind1=" " ind2=" ">
      <subfield code="a">vi, 280 p. : </subfield>
      <subfield code="b">il. ; </subfield>
      <subfield code="a">xxvi, 434 p. : </subfield>
      <subfield code="b">il. ; </subfield>
      <subfield code="a">xiv, 591 p. : </subfield>
      <subfield code="b">il. ; </subfield>
      <subfield code="a">xxviii, 203 p. : </subfield>
      <subfield code="b">il. ; </subfield>
      <subfield code="a">xii, [919] p. en varias paginaciones : </subfield>
      <subfield code="b">il. ; </subfield>
      <subfield code="a">xxvi, 1030 p. : </subfield>
      <subfield code="b">il. ; </subfield>
      <subfield code="a">xxvi, 501 p. : </subfield>
      <subfield code="b">il. ; </subfield>
      <subfield code="a">220 p. : </subfield>
      <subfield code="b">il. ; </subfield>
      <subfield code="a">xxx, 336 p. : </subfield>
      <subfield code="b">il. ; </subfield>
      <subfield code="a">447 p. : </subfield>
      <subfield code="b">il. ; </subfield>
      <subfield code="a">iv, 434 p. : </subfield>
      <subfield code="a">199 p. : </subfield>
      <subfield code="b">il ; </subfield>
      <subfield code="a">108 p. : </subfield>
      <subfield code="b">il. ; </subfield>
      <subfield code="a">xii, 173 p. : </subfield>
      <subfield code="b">il. ; </subfield>
      <subfield code="a">357 p. : </subfield>
      <subfield code="b">il. ; </subfield>
      <subfield code="a">433 p. : </subfield>
      <subfield code="a">157 p. : </subfield>
      <subfield code="a">128 p. : </subfield>
      <subfield code="b">il. ; </subfield>
      <subfield code="a">77 p. : </subfield>
      <subfield code="b">il. ; </subfield>
      <subfield code="a">173 p. : </subfield>
      <subfield code="b">il. ; </subfield>
      <subfield code="a">160 p. : </subfield>
      <subfield code="b">il. ; </subfield>
      <subfield code="a">94 p. : </subfield>
      <subfield code="b">il. ; </subfield>
      <subfield code="a">447 p. : </subfield>
      <subfield code="b">il. ; </subfield>
      <subfield code="a">200 p. : </subfield>
      <subfield code="b">il. ; </subfield>
      <subfield code="a">103 p. : </subfield>
      <subfield code="b">il. ; </subfield>
      <subfield code="a">136 p. : </subfield>
      <subfield code="a">278 p. : </subfield>
      <subfield code="b">il. ; </subfield>
      <subfield code="a">160 p. : </subfield>
      <subfield code="b">il. ; </subfield>
      <subfield code="a">16 : </subfield>
      <subfield code="b">il. ; </subfield>
      <subfield code="a">16 : </subfield>
      <subfield code="b">il. ; </subfield>
      <subfield code="a">16 : </subfield>
      <subfield code="b">il. ; </subfield>
      <subfield code="a">160 p. : </subfield>
      <subfield code="b">il. ; </subfield>
      <subfield code="a">113 p. : </subfield>
      <subfield code="b">il. ; </subfield>
      <subfield code="a">219  p. : </subfield>
      <subfield code="a">254 p. : </subfield>
      <subfield code="b">il. ; </subfield>
      <subfield code="a">98 p. : </subfield>
      <subfield code="b">il. ; </subfield>
      <subfield code="a">191 p. : </subfield>
      <subfield code="a">449 p. : </subfield>
      <subfield code="b">il. ; </subfield>
      <subfield code="a">353 p. : </subfield>
      <subfield code="b">il. ; </subfield>
      <subfield code="a">242 p. : </subfield>
      <subfield code="a">177 p. : </subfield>
      <subfield code="a">246 p. : </subfield>
      <subfield code="a">xxii, 362 p. : </subfield>
      <subfield code="b">il. ; </subfield>
      <subfield code="a">298 p. : </subfield>
      <subfield code="b">il. ; </subfield>
      <subfield code="a">658 p. : </subfield>
      <subfield code="b">il. ; </subfield>
      <subfield code="a">xv, 214 p. : </subfield>
      <subfield code="b">il. ; </subfield>
      <subfield code="a">ix, 143 p. : </subfield>
      <subfield code="b">il. ; </subfield>
      <subfield code="a">xiv, 290 p. : </subfield>
      <subfield code="b">il. ; </subfield>
      <subfield code="a">xii, 308 p. : </subfield>
      <subfield code="b">il. ; </subfield>
      <subfield code="a">420 p. : </subfield>
      <subfield code="b">il. ; </subfield>
      <subfield code="a">465 p. : </subfield>
      <subfield code="b">il. ; </subfield>
      <subfield code="a">525 p. : </subfield>
      <subfield code="b">il. ; </subfield>
      <subfield code="a">680 p. : </subfield>
      <subfield code="b">il. ; </subfield>
      <subfield code="a">xvii, 318 p. : </subfield>
      <subfield code="b">il. ; </subfield>
      <subfield code="e">1 CD-ROM en bolsillo</subfield>
    </datafield>
    <datafield tag="650" ind1=" " ind2=" ">
      <subfield code="a"> PROGRAMACION ORIENTADA A OBJETOS</subfield>
    </datafield>
    <datafield tag="650" ind1=" " ind2=" ">
      <subfield code="a"> LENGUAJE ALICE</subfield>
    </datafield>
    <datafield tag="650" ind1=" " ind2=" ">
      <subfield code="a"> LENGUAJE DE PROGRAMACION</subfield>
    </datafield>
    <datafield tag="942" ind1=" " ind2=" ">
      <subfield code="c">BK</subfield>
    </datafield>
    <datafield tag="952" ind1=" " ind2=" ">
      <subfield code="a">BIB_RECT</subfield>
      <subfield code="b">BIB_UACO</subfield>
      <subfield code="d">2007-10-12</subfield>
      <subfield code="y">BK</subfield>
      <subfield code="p">02-33535</subfield>
      <subfield code="i">02-33535</subfield>
      <subfield code="g">198</subfield>
      <subfield code="o">004.43 D188l</subfield>
      <subfield code="e">SIUNPA</subfield>
      <subfield code="8">CG</subfield>
    </datafield>
  </record>