
  <record>
    <leader>01000aam  22002601a 4500</leader>
    <controlfield tag="001">YPZ87152</controlfield>
    <controlfield tag="003">YPZ</controlfield>
    <controlfield tag="005">200710191640370</controlfield>
    <controlfield tag="008">071019|###########||||||b||||||||||spa|d</controlfield>
    <datafield tag="020" ind1=" " ind2=" ">
      <subfield code="a">0133746798</subfield>
    </datafield>
    <datafield tag="040" ind1=" " ind2=" ">
      <subfield code="c">SIUNPA</subfield>
    </datafield>
    <datafield tag="041" ind1=" " ind2=" ">
      <subfield code="a">eng</subfield>
    </datafield>
    <datafield tag="044" ind1=" " ind2=" ">
      <subfield code="a">UK</subfield>
    </datafield>
    <datafield tag="080" ind1=" " ind2=" ">
      <subfield code="a">004.045 W687u</subfield>
    </datafield>
    <datafield tag="100" ind1=" " ind2=" ">
      <subfield code="a">Wilkinson, Nancy M..</subfield>
    </datafield>
    <datafield tag="245" ind1=" " ind2=" ">
      <subfield code="a">Using CRC cards</subfield>
      <subfield code="b"> : an informal approach to object-oriented development</subfield>
    </datafield>
    <datafield tag="260" ind1=" " ind2=" ">
      <subfield code="a">Cambridge</subfield>
      <subfield code="b"> : Cambridge University Press</subfield>
      <subfield code="b"> : SIGS Books</subfield>
      <subfield code="c"> , 1999</subfield>
    </datafield>
    <datafield tag="440" ind1=" " ind2=" ">
      <subfield code="a">Enfermería S 21</subfield>
      <subfield code="a">Enfermería S 21</subfield>
      <subfield code="a">Enfermería S 21</subfield>
      <subfield code="a">Enfermería S 21</subfield>
      <subfield code="a">Shelly Cashman series</subfield>
      <subfield code="a">Advances in object technology series</subfield>
      <subfield code="v">6</subfield>
    </datafield>
    <datafield tag="490" ind1=" " ind2=" ">
      <subfield code="a">Enfermería S 21</subfield>
      <subfield code="a">Enfermería S 21</subfield>
      <subfield code="a">Enfermería S 21</subfield>
      <subfield code="a">Enfermería S 21</subfield>
      <subfield code="a">Shelly Cashman series</subfield>
      <subfield code="a">Advances in object technology series</subfield>
      <subfield code="v">6</subfield>
    </datafield>
    <datafield tag="650" ind1=" " ind2=" ">
      <subfield code="a"> PROGRAMACION ORIENTADA A OBJETOS</subfield>
    </datafield>
    <datafield tag="942" ind1=" " ind2=" ">
      <subfield code="c">BK</subfield>
    </datafield>
    <datafield tag="952" ind1=" " ind2=" ">
      <subfield code="a">BIB_RECT</subfield>
      <subfield code="b">BIB_UACO</subfield>
      <subfield code="d">2007-10-12</subfield>
      <subfield code="y">BK</subfield>
      <subfield code="p">02-33542</subfield>
      <subfield code="i">02-33542</subfield>
      <subfield code="g">142</subfield>
      <subfield code="o">004.045 W687u</subfield>
      <subfield code="e">SIUNPA</subfield>
      <subfield code="8">CG</subfield>
    </datafield>
  </record>