
  <record>
    <leader>01000aam  22002601a 4500</leader>
    <controlfield tag="001">YPZ87164</controlfield>
    <controlfield tag="003">YPZ</controlfield>
    <controlfield tag="005">200710231300460</controlfield>
    <controlfield tag="008">071023|###########||||||b||||||||||spa|d</controlfield>
    <datafield tag="020" ind1=" " ind2=" ">
      <subfield code="a">9879711807</subfield>
    </datafield>
    <datafield tag="040" ind1=" " ind2=" ">
      <subfield code="c">SIUNPA</subfield>
    </datafield>
    <datafield tag="041" ind1=" " ind2=" ">
      <subfield code="a">spa</subfield>
    </datafield>
    <datafield tag="044" ind1=" " ind2=" ">
      <subfield code="a">AR</subfield>
    </datafield>
    <datafield tag="080" ind1=" " ind2=" ">
      <subfield code="a">F635.9 F634f</subfield>
    </datafield>
    <datafield tag="100" ind1=" " ind2=" ">
      <subfield code="a">Mascó, Mercedes.</subfield>
    </datafield>
    <datafield tag="700" ind1=" " ind2=" ">
      <subfield code="a">Oliva, Gabriel.</subfield>
    </datafield>
    <datafield tag="700" ind1=" " ind2=" ">
      <subfield code="a">Kofalt, Rosa.</subfield>
    </datafield>
    <datafield tag="700" ind1=" " ind2=" ">
      <subfield code="a">Humano, Gervasio.</subfield>
    </datafield>
    <datafield tag="245" ind1=" " ind2=" ">
      <subfield code="a">Flores nativas de la Patagonia austral</subfield>
      <subfield code="b"> : una selección de especies silvestres con potencial ornamental de Santa Cruz y Tierra del Fuego</subfield>
      <subfield code="c"> / Montes, Leopoldo, ed.</subfield>
    </datafield>
    <datafield tag="260" ind1=" " ind2=" ">
      <subfield code="a">Río Gallegos</subfield>
      <subfield code="b"> : Estación Experimental Agropecuaria Santa Cruz, INTA</subfield>
      <subfield code="c"> , 1998</subfield>
    </datafield>
    <datafield tag="650" ind1=" " ind2=" ">
      <subfield code="a"> FLORA</subfield>
    </datafield>
    <datafield tag="650" ind1=" " ind2=" ">
      <subfield code="a"> PLANTAS SILVESTRES</subfield>
    </datafield>
    <datafield tag="650" ind1=" " ind2=" ">
      <subfield code="a"> REGION PATAGONICA</subfield>
    </datafield>
    <datafield tag="650" ind1=" " ind2=" ">
      <subfield code="a"> SANTA CRUZ (ARGENTINA) </subfield>
    </datafield>
    <datafield tag="650" ind1=" " ind2=" ">
      <subfield code="a"> TIERRA DEL FUEGO (ARGENTINA)</subfield>
    </datafield>
    <datafield tag="942" ind1=" " ind2=" ">
      <subfield code="c">BK</subfield>
    </datafield>
    <datafield tag="952" ind1=" " ind2=" ">
      <subfield code="a">BIB_RECT</subfield>
      <subfield code="b">BIB_UACO</subfield>
      <subfield code="d">2010-02-22</subfield>
      <subfield code="y">BK</subfield>
      <subfield code="p">02-38621</subfield>
      <subfield code="i">02-38621</subfield>
      <subfield code="g">15</subfield>
      <subfield code="o">F635.9 F634f</subfield>
      <subfield code="e">Secretaría de Extensión Rectorado</subfield>
      <subfield code="8">CG</subfield>
    </datafield>
    <datafield tag="952" ind1=" " ind2=" ">
      <subfield code="a">BIB_RECT</subfield>
      <subfield code="b">BIB_UACO</subfield>
      <subfield code="d">2016-06-03</subfield>
      <subfield code="y">BK</subfield>
      <subfield code="p">02-48059</subfield>
      <subfield code="i">02-48059</subfield>
      <subfield code="g">65</subfield>
      <subfield code="o">F635.9 F634f</subfield>
      <subfield code="e">Canje SIUNPA</subfield>
      <subfield code="8">CG</subfield>
    </datafield>
    <datafield tag="952" ind1=" " ind2=" ">
      <subfield code="a">BIB_RECT</subfield>
      <subfield code="b">BIB_UACO</subfield>
      <subfield code="d">2016-09-09</subfield>
      <subfield code="y">BK</subfield>
      <subfield code="p">02-48243</subfield>
      <subfield code="i">02-48243</subfield>
      <subfield code="g">75</subfield>
      <subfield code="o">F635.9 F634f</subfield>
      <subfield code="e">Donación</subfield>
      <subfield code="8">CG</subfield>
    </datafield>
    <datafield tag="952" ind1=" " ind2=" ">
      <subfield code="a">BIB_RECT</subfield>
      <subfield code="b">BIB_UART</subfield>
      <subfield code="d">2006-11-10</subfield>
      <subfield code="y">BK</subfield>
      <subfield code="p">03-01493</subfield>
      <subfield code="i">03-01493</subfield>
      <subfield code="g">0</subfield>
      <subfield code="o">F635.9 F634f</subfield>
      <subfield code="e"/>
      <subfield code="8">CG</subfield>
    </datafield>
    <datafield tag="952" ind1=" " ind2=" ">
      <subfield code="a">BIB_RECT</subfield>
      <subfield code="b">BIB_UART</subfield>
      <subfield code="d">2007-10-18</subfield>
      <subfield code="y">BK</subfield>
      <subfield code="p">03-33587</subfield>
      <subfield code="i">03-33587</subfield>
      <subfield code="g">40</subfield>
      <subfield code="o">F635.9 F634f</subfield>
      <subfield code="e">SIUNPA</subfield>
      <subfield code="8">CG</subfield>
    </datafield>
    <datafield tag="952" ind1=" " ind2=" ">
      <subfield code="a">BIB_RECT</subfield>
      <subfield code="b">BIB_UART</subfield>
      <subfield code="d">2010-02-19</subfield>
      <subfield code="y">BK</subfield>
      <subfield code="p">03-38591</subfield>
      <subfield code="i">03-38591</subfield>
      <subfield code="g">40</subfield>
      <subfield code="o">F635.9 F634f</subfield>
      <subfield code="e">Donación Secretaría de Extensión</subfield>
      <subfield code="8">CG</subfield>
    </datafield>
    <datafield tag="952" ind1=" " ind2=" ">
      <subfield code="a">BIB_RECT</subfield>
      <subfield code="b">BIB_UART</subfield>
      <subfield code="d">2010-02-19</subfield>
      <subfield code="y">BK</subfield>
      <subfield code="p">03-38592</subfield>
      <subfield code="i">03-38592</subfield>
      <subfield code="g">40</subfield>
      <subfield code="o">F635.9 F634f</subfield>
      <subfield code="e">Donación Secretaría de Extensión</subfield>
      <subfield code="8">CG</subfield>
    </datafield>
    <datafield tag="952" ind1=" " ind2=" ">
      <subfield code="a">BIB_RECT</subfield>
      <subfield code="b">BIB_UART</subfield>
      <subfield code="d">2013-04-24</subfield>
      <subfield code="y">BK</subfield>
      <subfield code="p">03-44581</subfield>
      <subfield code="i">03-44581</subfield>
      <subfield code="g">30</subfield>
      <subfield code="o">F635.9 F634f</subfield>
      <subfield code="e">SECyT</subfield>
      <subfield code="8">CG</subfield>
    </datafield>
    <datafield tag="952" ind1=" " ind2=" ">
      <subfield code="a">BIB_RECT</subfield>
      <subfield code="b">BIB_UART</subfield>
      <subfield code="d">2016-09-13</subfield>
      <subfield code="y">BK</subfield>
      <subfield code="p">03-48250</subfield>
      <subfield code="i">03-48250</subfield>
      <subfield code="g">75</subfield>
      <subfield code="o">F635.9 F634f</subfield>
      <subfield code="e">Donación</subfield>
      <subfield code="8">CG</subfield>
    </datafield>
    <datafield tag="952" ind1=" " ind2=" ">
      <subfield code="a">BIB_RECT</subfield>
      <subfield code="b">BIB_UASJ</subfield>
      <subfield code="d">2006-10-11</subfield>
      <subfield code="y">BK</subfield>
      <subfield code="p">04-01024</subfield>
      <subfield code="i">04-01024</subfield>
      <subfield code="g">0</subfield>
      <subfield code="o">F635.9 F634f</subfield>
      <subfield code="e"/>
      <subfield code="8">CG</subfield>
    </datafield>
    <datafield tag="952" ind1=" " ind2=" ">
      <subfield code="a">BIB_RECT</subfield>
      <subfield code="b">BIB_UASJ</subfield>
      <subfield code="d">2010-02-19</subfield>
      <subfield code="y">BK</subfield>
      <subfield code="p">04-38596</subfield>
      <subfield code="i">04-38596</subfield>
      <subfield code="g">35</subfield>
      <subfield code="o">F635.9 F634f</subfield>
      <subfield code="e">Desconocido</subfield>
      <subfield code="8">CG</subfield>
    </datafield>
    <datafield tag="952" ind1=" " ind2=" ">
      <subfield code="a">BIB_RECT</subfield>
      <subfield code="b">BIB_UASJ</subfield>
      <subfield code="d">2010-02-19</subfield>
      <subfield code="y">BK</subfield>
      <subfield code="p">04-38597</subfield>
      <subfield code="i">04-38597</subfield>
      <subfield code="g">35</subfield>
      <subfield code="o">F635.9 F634f</subfield>
      <subfield code="e">Desconocido</subfield>
      <subfield code="8">CG</subfield>
    </datafield>
    <datafield tag="952" ind1=" " ind2=" ">
      <subfield code="a">BIB_RECT</subfield>
      <subfield code="b">BIB_UASJ</subfield>
      <subfield code="d">2010-02-19</subfield>
      <subfield code="y">BK</subfield>
      <subfield code="p">04-38598</subfield>
      <subfield code="i">04-38598</subfield>
      <subfield code="g">35</subfield>
      <subfield code="o">F635.9 F634f</subfield>
      <subfield code="e">Desconocido</subfield>
      <subfield code="8">CG</subfield>
    </datafield>
    <datafield tag="952" ind1=" " ind2=" ">
      <subfield code="a">BIB_RECT</subfield>
      <subfield code="b">BIB_UARG</subfield>
      <subfield code="d">2006-08-28</subfield>
      <subfield code="y">BK</subfield>
      <subfield code="p">05-11844</subfield>
      <subfield code="i">05-11844</subfield>
      <subfield code="g">0</subfield>
      <subfield code="o">F635.9 F634f</subfield>
      <subfield code="e"/>
      <subfield code="8">CG</subfield>
    </datafield>
    <datafield tag="952" ind1=" " ind2=" ">
      <subfield code="a">BIB_RECT</subfield>
      <subfield code="b">BIB_UARG</subfield>
      <subfield code="d">2006-08-28</subfield>
      <subfield code="y">BK</subfield>
      <subfield code="p">05-11845</subfield>
      <subfield code="i">05-11845</subfield>
      <subfield code="g">0</subfield>
      <subfield code="o">F635.9 F634f</subfield>
      <subfield code="e"/>
      <subfield code="8">CG</subfield>
    </datafield>
    <datafield tag="952" ind1=" " ind2=" ">
      <subfield code="a">BIB_RECT</subfield>
      <subfield code="b">BIB_UARG</subfield>
      <subfield code="d">2006-08-28</subfield>
      <subfield code="y">BK</subfield>
      <subfield code="p">05-11846</subfield>
      <subfield code="i">05-11846</subfield>
      <subfield code="g">0</subfield>
      <subfield code="o">F635.9 F634f</subfield>
      <subfield code="e"/>
      <subfield code="8">CG</subfield>
    </datafield>
    <datafield tag="952" ind1=" " ind2=" ">
      <subfield code="a">BIB_RECT</subfield>
      <subfield code="b">BIB_UARG</subfield>
      <subfield code="d">2006-08-28</subfield>
      <subfield code="y">BK</subfield>
      <subfield code="p">05-14214</subfield>
      <subfield code="i">05-14214</subfield>
      <subfield code="g">0</subfield>
      <subfield code="o">F635.9 F634f</subfield>
      <subfield code="e"/>
      <subfield code="8">CG</subfield>
    </datafield>
    <datafield tag="952" ind1=" " ind2=" ">
      <subfield code="a">BIB_RECT</subfield>
      <subfield code="b">BIB_UARG</subfield>
      <subfield code="d">2006-08-28</subfield>
      <subfield code="y">BK</subfield>
      <subfield code="p">05-14215</subfield>
      <subfield code="i">05-14215</subfield>
      <subfield code="g">0</subfield>
      <subfield code="o">F635.9 F634f</subfield>
      <subfield code="e"/>
      <subfield code="8">CG</subfield>
    </datafield>
    <datafield tag="952" ind1=" " ind2=" ">
      <subfield code="a">BIB_RECT</subfield>
      <subfield code="b">BIB_UARG</subfield>
      <subfield code="d">2006-08-28</subfield>
      <subfield code="y">BK</subfield>
      <subfield code="p">05-14216</subfield>
      <subfield code="i">05-14216</subfield>
      <subfield code="g">0</subfield>
      <subfield code="o">F635.9 F634f</subfield>
      <subfield code="e"/>
      <subfield code="8">CG</subfield>
    </datafield>
    <datafield tag="952" ind1=" " ind2=" ">
      <subfield code="a">BIB_RECT</subfield>
      <subfield code="b">BIB_UARG</subfield>
      <subfield code="d">2006-08-28</subfield>
      <subfield code="y">BK</subfield>
      <subfield code="p">05-14217</subfield>
      <subfield code="i">05-14217</subfield>
      <subfield code="g">0</subfield>
      <subfield code="o">F635.9 F634f</subfield>
      <subfield code="e"/>
      <subfield code="8">CG</subfield>
    </datafield>
    <datafield tag="952" ind1=" " ind2=" ">
      <subfield code="a">BIB_RECT</subfield>
      <subfield code="b">BIB_UARG</subfield>
      <subfield code="d">2006-08-28</subfield>
      <subfield code="y">BK</subfield>
      <subfield code="p">05-14266</subfield>
      <subfield code="i">05-14266</subfield>
      <subfield code="g">0</subfield>
      <subfield code="o">F635.9 F634f</subfield>
      <subfield code="e"/>
      <subfield code="8">CG</subfield>
    </datafield>
    <datafield tag="952" ind1=" " ind2=" ">
      <subfield code="a">BIB_RECT</subfield>
      <subfield code="b">BIB_UARG</subfield>
      <subfield code="d">2006-08-28</subfield>
      <subfield code="y">BK</subfield>
      <subfield code="p">05-17008</subfield>
      <subfield code="i">05-17008</subfield>
      <subfield code="g">0</subfield>
      <subfield code="o">F635.9 F634f</subfield>
      <subfield code="e"/>
      <subfield code="8">CG</subfield>
    </datafield>
    <datafield tag="952" ind1=" " ind2=" ">
      <subfield code="a">BIB_RECT</subfield>
      <subfield code="b">BIB_UARG</subfield>
      <subfield code="d">2006-08-28</subfield>
      <subfield code="y">BK</subfield>
      <subfield code="p">05-17009</subfield>
      <subfield code="i">05-17009</subfield>
      <subfield code="g">0</subfield>
      <subfield code="o">F635.9 F634f</subfield>
      <subfield code="e"/>
      <subfield code="8">CG</subfield>
    </datafield>
    <datafield tag="952" ind1=" " ind2=" ">
      <subfield code="a">BIB_RECT</subfield>
      <subfield code="b">BIB_UARG</subfield>
      <subfield code="d">2010-02-19</subfield>
      <subfield code="y">BK</subfield>
      <subfield code="p">05-38609</subfield>
      <subfield code="i">05-38609</subfield>
      <subfield code="g">40</subfield>
      <subfield code="o">F635.9 F634f</subfield>
      <subfield code="e">Donación Secretaría de Extensión</subfield>
      <subfield code="8">CG</subfield>
    </datafield>
    <datafield tag="952" ind1=" " ind2=" ">
      <subfield code="a">BIB_RECT</subfield>
      <subfield code="b">SAT_TRUN</subfield>
      <subfield code="d">2010-02-22</subfield>
      <subfield code="y">BK</subfield>
      <subfield code="p">10-38615</subfield>
      <subfield code="i">10-38615</subfield>
      <subfield code="g">15</subfield>
      <subfield code="o">F635.9 F634f</subfield>
      <subfield code="e">Secretaría de Extensión Rectorado</subfield>
      <subfield code="8">CG</subfield>
    </datafield>
    <datafield tag="952" ind1=" " ind2=" ">
      <subfield code="a">BIB_RECT</subfield>
      <subfield code="b">SAT_PBNA</subfield>
      <subfield code="d">2009-12-21</subfield>
      <subfield code="y">BK</subfield>
      <subfield code="p">11-38570</subfield>
      <subfield code="i">11-38570</subfield>
      <subfield code="g">40</subfield>
      <subfield code="o">F635.9 F634f</subfield>
      <subfield code="e">Secretaría de Extensión Rectorado</subfield>
      <subfield code="8">CG</subfield>
    </datafield>
    <datafield tag="952" ind1=" " ind2=" "/>
    <datafield tag="952" ind1=" " ind2=" "/>
    <datafield tag="952" ind1=" " ind2=" ">
      <subfield code="a">BIB_RECT</subfield>
      <subfield code="b">SAT_GREG</subfield>
      <subfield code="d">2010-02-22</subfield>
      <subfield code="y">BK</subfield>
      <subfield code="p">18-38618</subfield>
      <subfield code="i">18-38618</subfield>
      <subfield code="g">40</subfield>
      <subfield code="o">F635.9 F634f</subfield>
      <subfield code="e">Secretaría de Extensión Rectorado</subfield>
      <subfield code="8">CG</subfield>
    </datafield>
  </record>