
  <record>
    <leader>01000aam  22002601a 4500</leader>
    <controlfield tag="001">YPZ87189</controlfield>
    <controlfield tag="003">YPZ</controlfield>
    <controlfield tag="005">200710291413300</controlfield>
    <controlfield tag="008">071029|###########||||||b||||||||||spa|d</controlfield>
    <datafield tag="020" ind1=" " ind2=" ">
      <subfield code="a">8434480360</subfield>
    </datafield>
    <datafield tag="040" ind1=" " ind2=" ">
      <subfield code="c">SIUNPA</subfield>
    </datafield>
    <datafield tag="041" ind1=" " ind2=" ">
      <subfield code="a">spa</subfield>
    </datafield>
    <datafield tag="044" ind1=" " ind2=" ">
      <subfield code="a">ES</subfield>
    </datafield>
    <datafield tag="080" ind1=" " ind2=" ">
      <subfield code="a">517 C144c</subfield>
    </datafield>
    <datafield tag="100" ind1=" " ind2=" ">
      <subfield code="a">Ramírez González, Victoriano.</subfield>
    </datafield>
    <datafield tag="700" ind1=" " ind2=" ">
      <subfield code="a">Barrera Rosillo, Domingo.</subfield>
    </datafield>
    <datafield tag="700" ind1=" " ind2=" ">
      <subfield code="a">Pasadas Fernández, Miguel.</subfield>
    </datafield>
    <datafield tag="700" ind1=" " ind2=" ">
      <subfield code="a">González Rodelas, Pedro.</subfield>
    </datafield>
    <datafield tag="245" ind1=" " ind2=" ">
      <subfield code="a">Cálculo numérico con Mathematica</subfield>
    </datafield>
    <datafield tag="250" ind1=" " ind2=" ">
      <subfield code="a">1a ed.</subfield>
    </datafield>
    <datafield tag="260" ind1=" " ind2=" ">
      <subfield code="a">Barcelona</subfield>
      <subfield code="b"> : Ariel</subfield>
      <subfield code="c"> , 2001</subfield>
    </datafield>
    <datafield tag="300" ind1=" " ind2=" ">
      <subfield code="a">xvii, 226 p. : </subfield>
      <subfield code="a">400 p. : </subfield>
      <subfield code="a">xxiii, 290 p. : </subfield>
      <subfield code="b">il. ; </subfield>
      <subfield code="a">x, 183 p. : </subfield>
      <subfield code="b">il. ; </subfield>
      <subfield code="a">xi, 152 p. : </subfield>
      <subfield code="b">il. ; </subfield>
      <subfield code="a">119 p. : </subfield>
      <subfield code="a">xxvi, 773 p. : </subfield>
      <subfield code="b">il. ; </subfield>
      <subfield code="a">xiii, 428 p. : </subfield>
      <subfield code="b">il. ; </subfield>
      <subfield code="a">xxiv, 455 p. : </subfield>
      <subfield code="b">il. ; </subfield>
      <subfield code="a">xvi, 372 p. : </subfield>
      <subfield code="b">il. ; </subfield>
      <subfield code="a">xx, 552 p. : </subfield>
      <subfield code="b">il. ; </subfield>
      <subfield code="a">46  p. : </subfield>
      <subfield code="b">il. ; </subfield>
      <subfield code="a">xvi, 446 p. : </subfield>
      <subfield code="b">il. ; </subfield>
      <subfield code="a">x, 160 p. : </subfield>
      <subfield code="b">il. ; </subfield>
      <subfield code="a">xii, 163 p. : </subfield>
      <subfield code="b">il. ; </subfield>
      <subfield code="a">xv, 642 p. : </subfield>
      <subfield code="b">il. ; </subfield>
      <subfield code="a">287 p. : </subfield>
      <subfield code="a">226 p. : </subfield>
      <subfield code="b">il. ; </subfield>
      <subfield code="a">2 v. : </subfield>
      <subfield code="a">xii, 636 p. : </subfield>
      <subfield code="b">il. ; </subfield>
      <subfield code="a">xx, 715 p. : </subfield>
      <subfield code="b">il. ; </subfield>
      <subfield code="a">x, 230 p. : </subfield>
      <subfield code="b">il. ; </subfield>
      <subfield code="a">xii, 296 p. : </subfield>
      <subfield code="b">il. ; </subfield>
      <subfield code="a">xxiv, 381 p. : </subfield>
      <subfield code="b">il. ; </subfield>
      <subfield code="a">440 p. : </subfield>
      <subfield code="b">il. ; </subfield>
      <subfield code="a">176 p. : </subfield>
      <subfield code="b">il. ; </subfield>
      <subfield code="a">xxxiii, [859] p. en varias paginaciones : </subfield>
      <subfield code="b">il. ; </subfield>
      <subfield code="a">395 p. : </subfield>
      <subfield code="a">xxi, 550 p. : </subfield>
      <subfield code="b">il. ; </subfield>
      <subfield code="a">254 p. : </subfield>
      <subfield code="a">183 p. : </subfield>
      <subfield code="a">xviii, 926 p. : </subfield>
      <subfield code="b">il. ; </subfield>
      <subfield code="a">494 p. : </subfield>
      <subfield code="b">il. ; </subfield>
      <subfield code="e">1 CD-ROM en bolsillo</subfield>
    </datafield>
    <datafield tag="500" ind1=" " ind2=" ">
      <subfield code="a">Contenido del CD-ROM: Prácticas</subfield>
    </datafield>
    <datafield tag="650" ind1=" " ind2=" ">
      <subfield code="a"> ANALISIS NUMERICO</subfield>
    </datafield>
    <datafield tag="650" ind1=" " ind2=" ">
      <subfield code="a"> FUNCIONES (MATEMATICAS)</subfield>
    </datafield>
    <datafield tag="650" ind1=" " ind2=" ">
      <subfield code="a"> CALCULO (MATEMATICAS)</subfield>
    </datafield>
    <datafield tag="650" ind1=" " ind2=" ">
      <subfield code="a"> MATRICES (MATEMATICAS) </subfield>
    </datafield>
    <datafield tag="650" ind1=" " ind2=" ">
      <subfield code="a"> VECTORES (MATEMATICAS)</subfield>
    </datafield>
    <datafield tag="650" ind1=" " ind2=" ">
      <subfield code="a"> ECUACIONES NO LINEALES</subfield>
    </datafield>
    <datafield tag="942" ind1=" " ind2=" ">
      <subfield code="c">BK</subfield>
    </datafield>
    <datafield tag="952" ind1=" " ind2=" ">
      <subfield code="a">BIB_RECT</subfield>
      <subfield code="b">BIB_UACO</subfield>
      <subfield code="d">2007-10-23</subfield>
      <subfield code="y">BK</subfield>
      <subfield code="p">02-33652</subfield>
      <subfield code="i">02-33652</subfield>
      <subfield code="g">72</subfield>
      <subfield code="o">517 C144c</subfield>
      <subfield code="e">SIUNPA</subfield>
      <subfield code="8">CG</subfield>
    </datafield>
    <datafield tag="952" ind1=" " ind2=" ">
      <subfield code="a">BIB_RECT</subfield>
      <subfield code="b">BIB_UACO</subfield>
      <subfield code="d">2007-10-23</subfield>
      <subfield code="y">BK</subfield>
      <subfield code="p">02-33653</subfield>
      <subfield code="i">02-33653</subfield>
      <subfield code="g">72</subfield>
      <subfield code="o">517 C144c</subfield>
      <subfield code="e">SIUNPA</subfield>
      <subfield code="8">CG</subfield>
    </datafield>
    <datafield tag="952" ind1=" " ind2=" ">
      <subfield code="a">BIB_RECT</subfield>
      <subfield code="b">BIB_UACO</subfield>
      <subfield code="d">2007-10-23</subfield>
      <subfield code="y">BK</subfield>
      <subfield code="p">02-33654</subfield>
      <subfield code="i">02-33654</subfield>
      <subfield code="g">79</subfield>
      <subfield code="o">517 C144c</subfield>
      <subfield code="e">SIUNPA</subfield>
      <subfield code="8">CG</subfield>
    </datafield>
    <datafield tag="952" ind1=" " ind2=" ">
      <subfield code="a">BIB_RECT</subfield>
      <subfield code="b">BIB_UACO</subfield>
      <subfield code="d">2008-05-05</subfield>
      <subfield code="y">BK</subfield>
      <subfield code="p">02-35416</subfield>
      <subfield code="i">02-35416</subfield>
      <subfield code="g">73.73</subfield>
      <subfield code="o">517 C144c</subfield>
      <subfield code="e">Compra Contrato Programa</subfield>
      <subfield code="8">CG</subfield>
    </datafield>
    <datafield tag="952" ind1=" " ind2=" ">
      <subfield code="a">BIB_RECT</subfield>
      <subfield code="b">BIB_UACO</subfield>
      <subfield code="d">2008-05-05</subfield>
      <subfield code="y">BK</subfield>
      <subfield code="p">02-35417</subfield>
      <subfield code="i">02-35417</subfield>
      <subfield code="g">73.73</subfield>
      <subfield code="o">517 C144c</subfield>
      <subfield code="e">Compra Contrato Programa</subfield>
      <subfield code="8">CG</subfield>
    </datafield>
    <datafield tag="952" ind1=" " ind2=" ">
      <subfield code="a">BIB_RECT</subfield>
      <subfield code="b">BIB_UACO</subfield>
      <subfield code="d">2008-05-05</subfield>
      <subfield code="y">BK</subfield>
      <subfield code="p">02-35418</subfield>
      <subfield code="i">02-35418</subfield>
      <subfield code="g">73.73</subfield>
      <subfield code="o">517 C144c</subfield>
      <subfield code="e">Compra Contrato Programa</subfield>
      <subfield code="8">CG</subfield>
    </datafield>
  </record>