
  <record>
    <leader>01000aam  22002601a 4500</leader>
    <controlfield tag="001">YPZ87197</controlfield>
    <controlfield tag="003">YPZ</controlfield>
    <controlfield tag="005">200710311606210</controlfield>
    <controlfield tag="008">071031|###########||||||b||||||||||spa|d</controlfield>
    <datafield tag="020" ind1=" " ind2=" ">
      <subfield code="a">9508920505</subfield>
    </datafield>
    <datafield tag="040" ind1=" " ind2=" ">
      <subfield code="c">SIUNPA</subfield>
    </datafield>
    <datafield tag="041" ind1=" " ind2=" ">
      <subfield code="a">spa</subfield>
    </datafield>
    <datafield tag="044" ind1=" " ind2=" ">
      <subfield code="a">AR</subfield>
    </datafield>
    <datafield tag="080" ind1=" " ind2=" ">
      <subfield code="a">378.4 M636p</subfield>
    </datafield>
    <datafield tag="100" ind1=" " ind2=" ">
      <subfield code="a">Mignone, Emilio Fermín.</subfield>
    </datafield>
    <datafield tag="245" ind1=" " ind2=" ">
      <subfield code="a">Política y universidad</subfield>
      <subfield code="b"> : el estado legislador</subfield>
    </datafield>
    <datafield tag="260" ind1=" " ind2=" ">
      <subfield code="a">Buenos Aires</subfield>
      <subfield code="b"> : Lugar Editorial</subfield>
      <subfield code="c"> , 1998</subfield>
    </datafield>
    <datafield tag="300" ind1=" " ind2=" ">
      <subfield code="a">xlv, 1360 p. : </subfield>
      <subfield code="b">il. ; </subfield>
      <subfield code="a">121 p. : </subfield>
      <subfield code="b">il. ; </subfield>
      <subfield code="a">105 p. : </subfield>
      <subfield code="b">il. ; </subfield>
      <subfield code="a">122 p. : </subfield>
      <subfield code="b">il. ; </subfield>
      <subfield code="a">110 p. : </subfield>
      <subfield code="b">il. ; </subfield>
      <subfield code="a">ix, 229 p. : </subfield>
      <subfield code="b">il. ; </subfield>
      <subfield code="a">185 p. : </subfield>
      <subfield code="b">il. ; </subfield>
      <subfield code="a">102 p. : </subfield>
      <subfield code="b">il. ; </subfield>
      <subfield code="e">1 disquete 3 (½) en bolsillo</subfield>
    </datafield>
    <datafield tag="650" ind1=" " ind2=" ">
      <subfield code="a"> UNIVERSIDADES</subfield>
    </datafield>
    <datafield tag="650" ind1=" " ind2=" ">
      <subfield code="a"> LEGISLACION EDUCACIONAL</subfield>
    </datafield>
    <datafield tag="650" ind1=" " ind2=" ">
      <subfield code="a"> ARGENTINA</subfield>
    </datafield>
    <datafield tag="942" ind1=" " ind2=" ">
      <subfield code="c">BK</subfield>
    </datafield>
    <datafield tag="952" ind1=" " ind2=" ">
      <subfield code="a">BIB_RECT</subfield>
      <subfield code="b">BIB_UART</subfield>
      <subfield code="d">2007-10-29</subfield>
      <subfield code="y">BK</subfield>
      <subfield code="p">03-33709</subfield>
      <subfield code="i">03-33709</subfield>
      <subfield code="g">22.8</subfield>
      <subfield code="o">378.4 M636p</subfield>
      <subfield code="e">SIUNPA</subfield>
      <subfield code="8">CG</subfield>
    </datafield>
    <datafield tag="952" ind1=" " ind2=" ">
      <subfield code="a">BIB_RECT</subfield>
      <subfield code="b">BIB_UART</subfield>
      <subfield code="d">2007-10-29</subfield>
      <subfield code="y">BK</subfield>
      <subfield code="p">03-33710</subfield>
      <subfield code="i">03-33710</subfield>
      <subfield code="g">22.8</subfield>
      <subfield code="o">378.4 M636p</subfield>
      <subfield code="e">SIUNPA</subfield>
      <subfield code="8">CG</subfield>
    </datafield>
  </record>