
  <record>
    <leader>01000aam  22002601a 4500</leader>
    <controlfield tag="001">YPZ87201</controlfield>
    <controlfield tag="003">YPZ</controlfield>
    <controlfield tag="005">200711011622450</controlfield>
    <controlfield tag="008">071101|###########||||||b||||||||||spa|d</controlfield>
    <datafield tag="020" ind1=" " ind2=" ">
      <subfield code="a">8420529788</subfield>
    </datafield>
    <datafield tag="040" ind1=" " ind2=" ">
      <subfield code="c">SIUNPA</subfield>
    </datafield>
    <datafield tag="041" ind1=" " ind2=" ">
      <subfield code="a">spa</subfield>
    </datafield>
    <datafield tag="044" ind1=" " ind2=" ">
      <subfield code="a">ES</subfield>
    </datafield>
    <datafield tag="080" ind1=" " ind2=" ">
      <subfield code="a">004.738.5 B786s</subfield>
    </datafield>
    <datafield tag="100" ind1=" " ind2=" ">
      <subfield code="a">Bowen, Rich.</subfield>
    </datafield>
    <datafield tag="700" ind1=" " ind2=" ">
      <subfield code="a">Coar, Ken.</subfield>
    </datafield>
    <datafield tag="245" ind1=" " ind2=" ">
      <subfield code="a">Servidor Apache al descubierto</subfield>
      <subfield code="c"> / Vázquez, Ruth, tr.</subfield>
    </datafield>
    <datafield tag="250" ind1=" " ind2=" ">
      <subfield code="a">1a ed.</subfield>
    </datafield>
    <datafield tag="260" ind1=" " ind2=" ">
      <subfield code="a">Madrid</subfield>
      <subfield code="b"> : Pearson</subfield>
      <subfield code="c"> , 2000</subfield>
    </datafield>
    <datafield tag="300" ind1=" " ind2=" ">
      <subfield code="a">287 p. : </subfield>
      <subfield code="a">495 p. : </subfield>
      <subfield code="a">vi, 275 p. : </subfield>
      <subfield code="a">xxviii, 610 p. : </subfield>
      <subfield code="b">il. ; </subfield>
      <subfield code="e">1 CD-ROM en bolsillo</subfield>
    </datafield>
    <datafield tag="650" ind1=" " ind2=" ">
      <subfield code="a"> SERVIDORES WEB</subfield>
    </datafield>
    <datafield tag="650" ind1=" " ind2=" ">
      <subfield code="a"> APACHE</subfield>
    </datafield>
    <datafield tag="942" ind1=" " ind2=" ">
      <subfield code="c">BK</subfield>
    </datafield>
    <datafield tag="952" ind1=" " ind2=" ">
      <subfield code="a">BIB_RECT</subfield>
      <subfield code="b">BIB_UART</subfield>
      <subfield code="d">2007-10-25</subfield>
      <subfield code="y">BK</subfield>
      <subfield code="p">03-33684</subfield>
      <subfield code="i">03-33684</subfield>
      <subfield code="g">138</subfield>
      <subfield code="o">004.738.5 B786s</subfield>
      <subfield code="e">SIUNPA</subfield>
      <subfield code="8">CG</subfield>
    </datafield>
    <datafield tag="952" ind1=" " ind2=" ">
      <subfield code="a">BIB_RECT</subfield>
      <subfield code="b">BIB_UART</subfield>
      <subfield code="d">2007-10-25</subfield>
      <subfield code="y">BK</subfield>
      <subfield code="p">03-33685</subfield>
      <subfield code="i">03-33685</subfield>
      <subfield code="g">138</subfield>
      <subfield code="o">004.738.5 B786s</subfield>
      <subfield code="e">SIUNPA</subfield>
      <subfield code="8">CG</subfield>
    </datafield>
    <datafield tag="952" ind1=" " ind2=" ">
      <subfield code="a">BIB_RECT</subfield>
      <subfield code="b">BIB_UART</subfield>
      <subfield code="d">2007-10-25</subfield>
      <subfield code="y">BK</subfield>
      <subfield code="p">03-33686</subfield>
      <subfield code="i">03-33686</subfield>
      <subfield code="g">138</subfield>
      <subfield code="o">004.738.5 B786s</subfield>
      <subfield code="e">SIUNPA</subfield>
      <subfield code="8">CG</subfield>
    </datafield>
    <datafield tag="952" ind1=" " ind2=" ">
      <subfield code="a">BIB_RECT</subfield>
      <subfield code="b">BIB_UART</subfield>
      <subfield code="d">2007-10-25</subfield>
      <subfield code="y">BK</subfield>
      <subfield code="p">03-33687</subfield>
      <subfield code="i">03-33687</subfield>
      <subfield code="g">138</subfield>
      <subfield code="o">004.738.5 B786s</subfield>
      <subfield code="e">SIUNPA</subfield>
      <subfield code="8">CG</subfield>
    </datafield>
    <datafield tag="952" ind1=" " ind2=" ">
      <subfield code="a">BIB_RECT</subfield>
      <subfield code="b">BIB_UART</subfield>
      <subfield code="d">2007-10-25</subfield>
      <subfield code="y">BK</subfield>
      <subfield code="p">03-33688</subfield>
      <subfield code="i">03-33688</subfield>
      <subfield code="g">138</subfield>
      <subfield code="o">004.738.5 B786s</subfield>
      <subfield code="e">SIUNPA</subfield>
      <subfield code="8">CG</subfield>
    </datafield>
  </record>