
  <record>
    <leader>01000aam  22002601a 4500</leader>
    <controlfield tag="001">YPZ87213</controlfield>
    <controlfield tag="003">YPZ</controlfield>
    <controlfield tag="005">200711061606360</controlfield>
    <controlfield tag="008">071106|###########||||||b||||||||||spa|d</controlfield>
    <datafield tag="020" ind1=" " ind2=" ">
      <subfield code="a">8475224881</subfield>
    </datafield>
    <datafield tag="040" ind1=" " ind2=" ">
      <subfield code="c">SIUNPA</subfield>
    </datafield>
    <datafield tag="041" ind1=" " ind2=" ">
      <subfield code="a">spa</subfield>
    </datafield>
    <datafield tag="044" ind1=" " ind2=" ">
      <subfield code="a">ES</subfield>
    </datafield>
    <datafield tag="080" ind1=" " ind2=" ">
      <subfield code="a">81'42 B877a</subfield>
    </datafield>
    <datafield tag="100" ind1=" " ind2=" ">
      <subfield code="a">Brown, Gillian.</subfield>
    </datafield>
    <datafield tag="700" ind1=" " ind2=" ">
      <subfield code="a">Yule, George.</subfield>
    </datafield>
    <datafield tag="245" ind1=" " ind2=" ">
      <subfield code="a">Análisis del discurso</subfield>
      <subfield code="c"> / Iglesias Recuero, Silvia, tr.</subfield>
    </datafield>
    <datafield tag="260" ind1=" " ind2=" ">
      <subfield code="a">Madrid</subfield>
      <subfield code="b"> : Visor</subfield>
      <subfield code="c"> , 1993</subfield>
    </datafield>
    <datafield tag="440" ind1=" " ind2=" ">
      <subfield code="a">Enfoques en educación</subfield>
      <subfield code="a">Ariel Ciencia</subfield>
      <subfield code="a">Colección leer y escribir +</subfield>
      <subfield code="a">Colección leer y escribir +</subfield>
      <subfield code="a">Colección leer y escribir +</subfield>
      <subfield code="a">Colección leer y escribir +</subfield>
      <subfield code="a">Educación inicial</subfield>
      <subfield code="a">Colección problemática educativa</subfield>
      <subfield code="a">Sociología/política. Serie CLA-DE-MA</subfield>
      <subfield code="a">Ariel Historia</subfield>
      <subfield code="a">Paso a paso</subfield>
      <subfield code="a">Manuales de técnica agropecuaria</subfield>
      <subfield code="a">Colección anaya multimedia/wrox</subfield>
      <subfield code="a">Informática y computación</subfield>
      <subfield code="a">Visor Lingüística</subfield>
      <subfield code="v">1</subfield>
    </datafield>
    <datafield tag="490" ind1=" " ind2=" ">
      <subfield code="a">Enfoques en educación</subfield>
      <subfield code="a">Ariel Ciencia</subfield>
      <subfield code="a">Colección leer y escribir +</subfield>
      <subfield code="a">Colección leer y escribir +</subfield>
      <subfield code="a">Colección leer y escribir +</subfield>
      <subfield code="a">Colección leer y escribir +</subfield>
      <subfield code="a">Educación inicial</subfield>
      <subfield code="a">Colección problemática educativa</subfield>
      <subfield code="a">Sociología/política. Serie CLA-DE-MA</subfield>
      <subfield code="a">Ariel Historia</subfield>
      <subfield code="a">Paso a paso</subfield>
      <subfield code="a">Manuales de técnica agropecuaria</subfield>
      <subfield code="a">Colección anaya multimedia/wrox</subfield>
      <subfield code="a">Informática y computación</subfield>
      <subfield code="a">Visor Lingüística</subfield>
      <subfield code="v">1</subfield>
    </datafield>
    <datafield tag="650" ind1=" " ind2=" ">
      <subfield code="a"> ANALISIS DEL DISCURSO</subfield>
    </datafield>
    <datafield tag="942" ind1=" " ind2=" ">
      <subfield code="c">BK</subfield>
    </datafield>
    <datafield tag="952" ind1=" " ind2=" ">
      <subfield code="a">BIB_RECT</subfield>
      <subfield code="b">BIB_UACO</subfield>
      <subfield code="d">2000-11-29</subfield>
      <subfield code="y">BK</subfield>
      <subfield code="p">02-06887</subfield>
      <subfield code="i">02-06887</subfield>
      <subfield code="g">32</subfield>
      <subfield code="o">81'42 B877a</subfield>
      <subfield code="e">SIUNPA</subfield>
      <subfield code="8">CG</subfield>
    </datafield>
    <datafield tag="952" ind1=" " ind2=" ">
      <subfield code="a">BIB_RECT</subfield>
      <subfield code="b">BIB_UACO</subfield>
      <subfield code="d">2000-11-29</subfield>
      <subfield code="y">BK</subfield>
      <subfield code="p">02-06888</subfield>
      <subfield code="i">02-06888</subfield>
      <subfield code="g">32</subfield>
      <subfield code="o">81'42 B877a</subfield>
      <subfield code="e">SIUNPA</subfield>
      <subfield code="8">CG</subfield>
    </datafield>
    <datafield tag="952" ind1=" " ind2=" ">
      <subfield code="a">BIB_RECT</subfield>
      <subfield code="b">BIB_UARG</subfield>
      <subfield code="d">2006-08-28</subfield>
      <subfield code="y">BK</subfield>
      <subfield code="p">05-11951</subfield>
      <subfield code="i">05-11951</subfield>
      <subfield code="g">0</subfield>
      <subfield code="o">81'42 B877a</subfield>
      <subfield code="e"/>
      <subfield code="8">CG</subfield>
    </datafield>
    <datafield tag="952" ind1=" " ind2=" ">
      <subfield code="a">BIB_RECT</subfield>
      <subfield code="b">BIB_UARG</subfield>
      <subfield code="d">2006-08-28</subfield>
      <subfield code="y">BK</subfield>
      <subfield code="p">05-13332</subfield>
      <subfield code="i">05-13332</subfield>
      <subfield code="g">0</subfield>
      <subfield code="o">81'42 B877a</subfield>
      <subfield code="e"/>
      <subfield code="8">CG</subfield>
    </datafield>
    <datafield tag="952" ind1=" " ind2=" ">
      <subfield code="a">BIB_RECT</subfield>
      <subfield code="b">BIB_UARG</subfield>
      <subfield code="d">2006-08-28</subfield>
      <subfield code="y">BK</subfield>
      <subfield code="p">05-14997</subfield>
      <subfield code="i">05-14997</subfield>
      <subfield code="g">0</subfield>
      <subfield code="o">81'42 B877a</subfield>
      <subfield code="e"/>
      <subfield code="8">CG</subfield>
    </datafield>
  </record>