
  <record>
    <leader>01000aam  22002601a 4500</leader>
    <controlfield tag="001">YPZ87226</controlfield>
    <controlfield tag="003">YPZ</controlfield>
    <controlfield tag="005">200711091016460</controlfield>
    <controlfield tag="008">071109|###########||||||b||||||||||spa|d</controlfield>
    <datafield tag="020" ind1=" " ind2=" ">
      <subfield code="a">9684443986</subfield>
    </datafield>
    <datafield tag="040" ind1=" " ind2=" ">
      <subfield code="c">SIUNPA</subfield>
    </datafield>
    <datafield tag="041" ind1=" " ind2=" ">
      <subfield code="a">spa</subfield>
    </datafield>
    <datafield tag="044" ind1=" " ind2=" ">
      <subfield code="a">ES</subfield>
    </datafield>
    <datafield tag="080" ind1=" " ind2=" ">
      <subfield code="a">531.2 B411e</subfield>
    </datafield>
    <datafield tag="100" ind1=" " ind2=" ">
      <subfield code="a">Bedford, Anthony.</subfield>
    </datafield>
    <datafield tag="700" ind1=" " ind2=" ">
      <subfield code="a">Fowler, Wallace.</subfield>
    </datafield>
    <datafield tag="245" ind1=" " ind2=" ">
      <subfield code="a">Estática</subfield>
      <subfield code="b"> : mecánica para ingeniería</subfield>
      <subfield code="c"> / Cera Alonso, José E. de la, versión española ; Martín-Lunas, Antonio, colab. versión española</subfield>
    </datafield>
    <datafield tag="260" ind1=" " ind2=" ">
      <subfield code="a">Naucalpan de Juárez</subfield>
      <subfield code="b"> : Addison Wesley</subfield>
      <subfield code="c"> , 2000</subfield>
    </datafield>
    <datafield tag="300" ind1=" " ind2=" ">
      <subfield code="a">635 p. : </subfield>
      <subfield code="b">il. ; </subfield>
      <subfield code="a">77 p. : </subfield>
      <subfield code="b">il. ; </subfield>
      <subfield code="a">x, 156 p. : </subfield>
      <subfield code="b">il. ; </subfield>
      <subfield code="a">194 p. : </subfield>
      <subfield code="b">il. ; </subfield>
      <subfield code="a">173 p. : </subfield>
      <subfield code="b">il. ; </subfield>
      <subfield code="a">464 p. : </subfield>
      <subfield code="b">il. ; </subfield>
      <subfield code="a">xx, 649 p. : </subfield>
      <subfield code="b">il. ; </subfield>
      <subfield code="a">vi, 292 p. : </subfield>
      <subfield code="b">il. ; </subfield>
      <subfield code="a">762 p. : </subfield>
      <subfield code="b">il. ; </subfield>
      <subfield code="a">243 p : </subfield>
      <subfield code="b">il. ; </subfield>
      <subfield code="a">xviii, 743 p. : </subfield>
      <subfield code="a">344 p. : </subfield>
      <subfield code="a">240 p. : </subfield>
      <subfield code="b">il. ; </subfield>
      <subfield code="a">530 p. : </subfield>
      <subfield code="a">viii, 558 p. : </subfield>
      <subfield code="b">il. ; </subfield>
      <subfield code="a">318 p. : </subfield>
      <subfield code="a">371 p. : </subfield>
      <subfield code="b">il. ; </subfield>
      <subfield code="a">xi, 372 p. : </subfield>
      <subfield code="a">207 p. : </subfield>
      <subfield code="b">fot. ; </subfield>
      <subfield code="a">xxiv, 200 p. : </subfield>
      <subfield code="a">1167 p. : </subfield>
      <subfield code="a">341 p. : </subfield>
      <subfield code="b">fot. ; </subfield>
      <subfield code="a">138 p. : </subfield>
      <subfield code="a">xvi, 432 p. : </subfield>
      <subfield code="a">xv, 606 p. : </subfield>
      <subfield code="b">il. ; </subfield>
      <subfield code="e">1 CD-ROM en bolsillo</subfield>
    </datafield>
    <datafield tag="500" ind1=" " ind2=" ">
      <subfield code="a">Tít. del CD-ROM: Estática y dinámica</subfield>
    </datafield>
    <datafield tag="505" ind1=" " ind2=" ">
      <subfield code="a">Contenido del CD-ROM: Simulaciones interactivas con Working Model, Windows</subfield>
    </datafield>
    <datafield tag="650" ind1=" " ind2=" ">
      <subfield code="a"> ESTATICA</subfield>
    </datafield>
    <datafield tag="650" ind1=" " ind2=" ">
      <subfield code="a"> MECANICA</subfield>
    </datafield>
    <datafield tag="942" ind1=" " ind2=" ">
      <subfield code="c">BK</subfield>
    </datafield>
    <datafield tag="952" ind1=" " ind2=" ">
      <subfield code="a">BIB_RECT</subfield>
      <subfield code="b">BIB_UARG</subfield>
      <subfield code="d">2007-11-01</subfield>
      <subfield code="y">BK</subfield>
      <subfield code="p">05-33807</subfield>
      <subfield code="i">05-33807</subfield>
      <subfield code="g">105.8</subfield>
      <subfield code="o">531.2 B411e</subfield>
      <subfield code="e">SIUNPA</subfield>
      <subfield code="8">CG</subfield>
    </datafield>
  </record>