
  <record>
    <leader>01000aam  22002601a 4500</leader>
    <controlfield tag="001">YPZ87231</controlfield>
    <controlfield tag="003">YPZ</controlfield>
    <controlfield tag="005">200711091218350</controlfield>
    <controlfield tag="008">071109|###########||||||b||||||||||spa|d</controlfield>
    <datafield tag="020" ind1=" " ind2=" ">
      <subfield code="a">8449310660</subfield>
    </datafield>
    <datafield tag="040" ind1=" " ind2=" ">
      <subfield code="c">SIUNPA</subfield>
    </datafield>
    <datafield tag="041" ind1=" " ind2=" ">
      <subfield code="a">spa</subfield>
    </datafield>
    <datafield tag="044" ind1=" " ind2=" ">
      <subfield code="a">ES</subfield>
    </datafield>
    <datafield tag="080" ind1=" " ind2=" ">
      <subfield code="a">003(091) C167h</subfield>
    </datafield>
    <datafield tag="100" ind1=" " ind2=" ">
      <subfield code="a">Calvet, Louis-Jean.</subfield>
    </datafield>
    <datafield tag="245" ind1=" " ind2=" ">
      <subfield code="a">Historia de la escritura</subfield>
      <subfield code="b"> : de Mesopotamia hasta nuestros días</subfield>
      <subfield code="c"> / Palacio Tauste, Javier, tr.</subfield>
    </datafield>
    <datafield tag="260" ind1=" " ind2=" ">
      <subfield code="a">Barcelona</subfield>
      <subfield code="b"> : Paidós</subfield>
      <subfield code="c"> , 2001</subfield>
    </datafield>
    <datafield tag="440" ind1=" " ind2=" ">
      <subfield code="a">Prentice Hall software series</subfield>
      <subfield code="a">Fotoggrafía</subfield>
      <subfield code="a">Ariel Lingüística</subfield>
      <subfield code="a">Fotoggrafía</subfield>
      <subfield code="a">Colección instrumentos</subfield>
      <subfield code="a">Hardware y redes</subfield>
      <subfield code="a">Colección instrumentos</subfield>
      <subfield code="a">Colección historias americanas</subfield>
      <subfield code="a">Paidós orígenes</subfield>
      <subfield code="v">22</subfield>
    </datafield>
    <datafield tag="490" ind1=" " ind2=" ">
      <subfield code="a">Prentice Hall software series</subfield>
      <subfield code="a">Fotoggrafía</subfield>
      <subfield code="a">Ariel Lingüística</subfield>
      <subfield code="a">Fotoggrafía</subfield>
      <subfield code="a">Colección instrumentos</subfield>
      <subfield code="a">Hardware y redes</subfield>
      <subfield code="a">Colección instrumentos</subfield>
      <subfield code="a">Colección historias americanas</subfield>
      <subfield code="a">Paidós orígenes</subfield>
      <subfield code="v">22</subfield>
    </datafield>
    <datafield tag="650" ind1=" " ind2=" ">
      <subfield code="a"> HISTORIA DE LA ESCRITURA</subfield>
    </datafield>
    <datafield tag="942" ind1=" " ind2=" ">
      <subfield code="c">BK</subfield>
    </datafield>
    <datafield tag="952" ind1=" " ind2=" ">
      <subfield code="a">BIB_RECT</subfield>
      <subfield code="b">BIB_UARG</subfield>
      <subfield code="d">2007-11-01</subfield>
      <subfield code="y">BK</subfield>
      <subfield code="p">05-33809</subfield>
      <subfield code="i">05-33809</subfield>
      <subfield code="g">49.2</subfield>
      <subfield code="o">003(091) C167h</subfield>
      <subfield code="e">SIUNPA</subfield>
      <subfield code="8">CG</subfield>
    </datafield>
  </record>