
  <record>
    <leader>01000aam  22002601a 4500</leader>
    <controlfield tag="001">YPZ87232</controlfield>
    <controlfield tag="003">YPZ</controlfield>
    <controlfield tag="005">200711091333260</controlfield>
    <controlfield tag="008">071109|###########||||||b||||||||||spa|d</controlfield>
    <datafield tag="020" ind1=" " ind2=" ">
      <subfield code="a">9701509005</subfield>
    </datafield>
    <datafield tag="040" ind1=" " ind2=" ">
      <subfield code="c">SIUNPA</subfield>
    </datafield>
    <datafield tag="041" ind1=" " ind2=" ">
      <subfield code="a">spa</subfield>
    </datafield>
    <datafield tag="044" ind1=" " ind2=" ">
      <subfield code="a">MX</subfield>
    </datafield>
    <datafield tag="080" ind1=" " ind2=" ">
      <subfield code="a">004.73 G633r</subfield>
    </datafield>
    <datafield tag="100" ind1=" " ind2=" ">
      <subfield code="a">Gómez Vieites, Álvaro.</subfield>
    </datafield>
    <datafield tag="700" ind1=" " ind2=" ">
      <subfield code="a">Veloso Espiñeira, Manuel.</subfield>
    </datafield>
    <datafield tag="245" ind1=" " ind2=" ">
      <subfield code="a">Redes de computadoras e internet</subfield>
      <subfield code="b"> : funcionamiento, servicios ofrecidos y alternativas de conexión</subfield>
    </datafield>
    <datafield tag="260" ind1=" " ind2=" ">
      <subfield code="a">México, D.F.</subfield>
      <subfield code="b"> : Alfaomega</subfield>
      <subfield code="c"> , 2003</subfield>
    </datafield>
    <datafield tag="440" ind1=" " ind2=" ">
      <subfield code="a">Alfaomega</subfield>
      <subfield code="v">900</subfield>
    </datafield>
    <datafield tag="490" ind1=" " ind2=" ">
      <subfield code="a">Alfaomega</subfield>
      <subfield code="v">900</subfield>
    </datafield>
    <datafield tag="650" ind1=" " ind2=" ">
      <subfield code="a"> REDES INFORMATICAS</subfield>
    </datafield>
    <datafield tag="650" ind1=" " ind2=" ">
      <subfield code="a"> REDES INALAMBRICAS</subfield>
    </datafield>
    <datafield tag="650" ind1=" " ind2=" ">
      <subfield code="a"> REDES LOCALES</subfield>
    </datafield>
    <datafield tag="650" ind1=" " ind2=" ">
      <subfield code="a"> INTERNET</subfield>
    </datafield>
    <datafield tag="650" ind1=" " ind2=" ">
      <subfield code="a"> PROTOCOLO DE COMUNICACION</subfield>
    </datafield>
    <datafield tag="942" ind1=" " ind2=" ">
      <subfield code="c">BK</subfield>
    </datafield>
    <datafield tag="952" ind1=" " ind2=" ">
      <subfield code="a">BIB_RECT</subfield>
      <subfield code="b">BIB_UARG</subfield>
      <subfield code="d">2007-11-01</subfield>
      <subfield code="y">BK</subfield>
      <subfield code="p">05-33814</subfield>
      <subfield code="i">05-33814</subfield>
      <subfield code="g">29.2</subfield>
      <subfield code="o">004.73 G633r</subfield>
      <subfield code="e">SIUNPA</subfield>
      <subfield code="8">CG</subfield>
    </datafield>
    <datafield tag="952" ind1=" " ind2=" ">
      <subfield code="a">BIB_RECT</subfield>
      <subfield code="b">BIB_UARG</subfield>
      <subfield code="d">2007-11-01</subfield>
      <subfield code="y">BK</subfield>
      <subfield code="p">05-33815</subfield>
      <subfield code="i">05-33815</subfield>
      <subfield code="g">29.2</subfield>
      <subfield code="o">004.73 G633r</subfield>
      <subfield code="e">SIUNPA</subfield>
      <subfield code="8">CG</subfield>
    </datafield>
  </record>