
  <record>
    <leader>01000aam  22002601a 4500</leader>
    <controlfield tag="001">YPZ87246</controlfield>
    <controlfield tag="003">YPZ</controlfield>
    <controlfield tag="005">200711131754480</controlfield>
    <controlfield tag="008">071113|###########||||||b||||||||||spa|d</controlfield>
    <datafield tag="020" ind1=" " ind2=" ">
      <subfield code="a">9505531257</subfield>
    </datafield>
    <datafield tag="040" ind1=" " ind2=" ">
      <subfield code="c">SIUNPA</subfield>
    </datafield>
    <datafield tag="041" ind1=" " ind2=" ">
      <subfield code="a">spa</subfield>
    </datafield>
    <datafield tag="044" ind1=" " ind2=" ">
      <subfield code="a">AR</subfield>
    </datafield>
    <datafield tag="080" ind1=" " ind2=" ">
      <subfield code="a">621.3 S677i</subfield>
    </datafield>
    <datafield tag="100" ind1=" " ind2=" ">
      <subfield code="a">Sobrevila, Marcelo Antonio.</subfield>
    </datafield>
    <datafield tag="245" ind1=" " ind2=" ">
      <subfield code="a">Introducción a la electrotecnia</subfield>
    </datafield>
    <datafield tag="260" ind1=" " ind2=" ">
      <subfield code="a">Buenos Aires</subfield>
      <subfield code="b"> : Alsina</subfield>
      <subfield code="c"> , 2004</subfield>
    </datafield>
    <datafield tag="650" ind1=" " ind2=" ">
      <subfield code="a"> INGENIERIA ELECTRICA</subfield>
    </datafield>
    <datafield tag="650" ind1=" " ind2=" ">
      <subfield code="a"> TECNOLOGIA ELECTRONICA</subfield>
    </datafield>
    <datafield tag="650" ind1=" " ind2=" ">
      <subfield code="a"> CIRCUITO ELECTRONICO</subfield>
    </datafield>
    <datafield tag="650" ind1=" " ind2=" ">
      <subfield code="a"> ELECTROQUIMICA</subfield>
    </datafield>
    <datafield tag="942" ind1=" " ind2=" ">
      <subfield code="c">BK</subfield>
    </datafield>
    <datafield tag="952" ind1=" " ind2=" ">
      <subfield code="a">BIB_RECT</subfield>
      <subfield code="b">BIB_UASJ</subfield>
      <subfield code="d">2007-11-06</subfield>
      <subfield code="y">BK</subfield>
      <subfield code="p">04-33825</subfield>
      <subfield code="i">04-33825</subfield>
      <subfield code="g">21.5</subfield>
      <subfield code="o">621.3 S677i</subfield>
      <subfield code="e">SIUNPA</subfield>
      <subfield code="8">CG</subfield>
    </datafield>
    <datafield tag="952" ind1=" " ind2=" ">
      <subfield code="a">BIB_RECT</subfield>
      <subfield code="b">BIB_UASJ</subfield>
      <subfield code="d">2007-11-06</subfield>
      <subfield code="y">BK</subfield>
      <subfield code="p">04-33826</subfield>
      <subfield code="i">04-33826</subfield>
      <subfield code="g">21.5</subfield>
      <subfield code="o">621.3 S677i</subfield>
      <subfield code="e">SIUNPA</subfield>
      <subfield code="8">CG</subfield>
    </datafield>
    <datafield tag="952" ind1=" " ind2=" ">
      <subfield code="a">BIB_RECT</subfield>
      <subfield code="b">BIB_UARG</subfield>
      <subfield code="d">2010-04-05</subfield>
      <subfield code="y">BK</subfield>
      <subfield code="p">05-39250</subfield>
      <subfield code="i">05-39250</subfield>
      <subfield code="g">45.3</subfield>
      <subfield code="o">621.3 S677i</subfield>
      <subfield code="e">Compra SIUNPA/09</subfield>
      <subfield code="8">CG</subfield>
    </datafield>
    <datafield tag="952" ind1=" " ind2=" ">
      <subfield code="a">BIB_RECT</subfield>
      <subfield code="b">BIB_UARG</subfield>
      <subfield code="d">2010-04-05</subfield>
      <subfield code="y">BK</subfield>
      <subfield code="p">05-39251</subfield>
      <subfield code="i">05-39251</subfield>
      <subfield code="g">45.3</subfield>
      <subfield code="o">621.3 S677i</subfield>
      <subfield code="e">Compra SIUNPA/09</subfield>
      <subfield code="8">CG</subfield>
    </datafield>
    <datafield tag="952" ind1=" " ind2=" ">
      <subfield code="a">BIB_RECT</subfield>
      <subfield code="b">BIB_UARG</subfield>
      <subfield code="d">2010-04-05</subfield>
      <subfield code="y">BK</subfield>
      <subfield code="p">05-39252</subfield>
      <subfield code="i">05-39252</subfield>
      <subfield code="g">45.3</subfield>
      <subfield code="o">621.3 S677i</subfield>
      <subfield code="e">Compra SIUNPA/09</subfield>
      <subfield code="8">CG</subfield>
    </datafield>
    <datafield tag="952" ind1=" " ind2=" ">
      <subfield code="a">BIB_RECT</subfield>
      <subfield code="b">BIB_UARG</subfield>
      <subfield code="d">2010-04-05</subfield>
      <subfield code="y">BK</subfield>
      <subfield code="p">05-39253</subfield>
      <subfield code="i">05-39253</subfield>
      <subfield code="g">45.3</subfield>
      <subfield code="o">621.3 S677i</subfield>
      <subfield code="e">Compra SIUNPA/09</subfield>
      <subfield code="8">CG</subfield>
    </datafield>
    <datafield tag="952" ind1=" " ind2=" ">
      <subfield code="a">BIB_RECT</subfield>
      <subfield code="b">BIB_UARG</subfield>
      <subfield code="d">2010-04-05</subfield>
      <subfield code="y">BK</subfield>
      <subfield code="p">05-39254</subfield>
      <subfield code="i">05-39254</subfield>
      <subfield code="g">45.3</subfield>
      <subfield code="o">621.3 S677i</subfield>
      <subfield code="e">Compra SIUNPA/09</subfield>
      <subfield code="8">CG</subfield>
    </datafield>
  </record>