
  <record>
    <leader>01000aam  22002601a 4500</leader>
    <controlfield tag="001">YPZ87253</controlfield>
    <controlfield tag="003">YPZ</controlfield>
    <controlfield tag="005">200711141644000</controlfield>
    <controlfield tag="008">071114|###########||||||b||||||||||spa|d</controlfield>
    <datafield tag="020" ind1=" " ind2=" ">
      <subfield code="a">8484892433 (Iberoamericana)</subfield>
    </datafield>
    <datafield tag="020" ind1=" " ind2=" ">
      <subfield code="a">3865272525 (Vervuert)</subfield>
    </datafield>
    <datafield tag="040" ind1=" " ind2=" ">
      <subfield code="c">SIUNPA</subfield>
    </datafield>
    <datafield tag="041" ind1=" " ind2=" ">
      <subfield code="a">spa</subfield>
    </datafield>
    <datafield tag="044" ind1=" " ind2=" ">
      <subfield code="a">ES</subfield>
      <subfield code="a">DE</subfield>
    </datafield>
    <datafield tag="080" ind1=" " ind2=" ">
      <subfield code="a">821.134.2.09 L951l</subfield>
    </datafield>
    <datafield tag="245" ind1=" " ind2=" ">
      <subfield code="a">Lugares de memoria de la Guerra Civil y el Franquismo</subfield>
      <subfield code="b"> : representaciones literarias y visuales</subfield>
      <subfield code="c"> / Winter, Ulrich, ed.</subfield>
    </datafield>
    <datafield tag="260" ind1=" " ind2=" ">
      <subfield code="a">Madrid</subfield>
      <subfield code="a">Frankfurt am Main</subfield>
      <subfield code="b"> : Iberoamericana</subfield>
      <subfield code="b"> : Vervuert</subfield>
      <subfield code="c"> , 2006</subfield>
    </datafield>
    <datafield tag="440" ind1=" " ind2=" ">
      <subfield code="a">Ariel Ciencia</subfield>
      <subfield code="a">Pedagogía. La pedagogía hoy</subfield>
      <subfield code="a">Pedagogía. La pedagogía hoy</subfield>
      <subfield code="a">La casa de la riqueza. Estudios de cultura de España</subfield>
      <subfield code="v">9</subfield>
    </datafield>
    <datafield tag="490" ind1=" " ind2=" ">
      <subfield code="a">Ariel Ciencia</subfield>
      <subfield code="a">Pedagogía. La pedagogía hoy</subfield>
      <subfield code="a">Pedagogía. La pedagogía hoy</subfield>
      <subfield code="a">La casa de la riqueza. Estudios de cultura de España</subfield>
      <subfield code="v">9</subfield>
    </datafield>
    <datafield tag="650" ind1=" " ind2=" ">
      <subfield code="a"> LITERATURA ESPAÑOLA</subfield>
    </datafield>
    <datafield tag="650" ind1=" " ind2=" ">
      <subfield code="a"> HISTORIA DE ESPAÑA</subfield>
    </datafield>
    <datafield tag="650" ind1=" " ind2=" ">
      <subfield code="a"> CRITICA LITERARIA</subfield>
    </datafield>
    <datafield tag="650" ind1=" " ind2=" ">
      <subfield code="a"> SIGLO XX</subfield>
    </datafield>
    <datafield tag="650" ind1=" " ind2=" ">
      <subfield code="a"> CINE ESPAÑOL</subfield>
    </datafield>
    <datafield tag="942" ind1=" " ind2=" ">
      <subfield code="c">BK</subfield>
    </datafield>
    <datafield tag="952" ind1=" " ind2=" ">
      <subfield code="a">BIB_RECT</subfield>
      <subfield code="b">BIB_UARG</subfield>
      <subfield code="d">2007-11-07</subfield>
      <subfield code="y">BK</subfield>
      <subfield code="p">05-33837</subfield>
      <subfield code="i">05-33837</subfield>
      <subfield code="g">130</subfield>
      <subfield code="o">821.134.2.09 L951l</subfield>
      <subfield code="e">SIUNPA</subfield>
      <subfield code="8">CG</subfield>
    </datafield>
  </record>