
  <record>
    <leader>01000aam  22002601a 4500</leader>
    <controlfield tag="001">YPZ87262</controlfield>
    <controlfield tag="003">YPZ</controlfield>
    <controlfield tag="005">200711151457530</controlfield>
    <controlfield tag="008">071115|###########||||||b||||||||||spa|d</controlfield>
    <datafield tag="020" ind1=" " ind2=" ">
      <subfield code="a">8437505119</subfield>
    </datafield>
    <datafield tag="040" ind1=" " ind2=" ">
      <subfield code="c">SIUNPA</subfield>
    </datafield>
    <datafield tag="041" ind1=" " ind2=" ">
      <subfield code="a">spa</subfield>
    </datafield>
    <datafield tag="044" ind1=" " ind2=" ">
      <subfield code="a">ES</subfield>
    </datafield>
    <datafield tag="080" ind1=" " ind2=" ">
      <subfield code="a">94(4) C132o</subfield>
    </datafield>
    <datafield tag="100" ind1=" " ind2=" ">
      <subfield code="a">Cahen, Claude.</subfield>
    </datafield>
    <datafield tag="245" ind1=" " ind2=" ">
      <subfield code="a">Oriente y Occidente en tiempos de las Cruzadas</subfield>
      <subfield code="c"> / Escurdia Híjar, Agustín, tr.</subfield>
    </datafield>
    <datafield tag="250" ind1=" " ind2=" ">
      <subfield code="a">1a ed., 1a reimpr.</subfield>
    </datafield>
    <datafield tag="260" ind1=" " ind2=" ">
      <subfield code="a">Madrid</subfield>
      <subfield code="b"> : Fondo de Cultura Económica</subfield>
      <subfield code="c"> , 2001</subfield>
    </datafield>
    <datafield tag="440" ind1=" " ind2=" ">
      <subfield code="a">Colección Austral</subfield>
      <subfield code="a">Fotoggrafía</subfield>
      <subfield code="a">Colección texto y contexto</subfield>
      <subfield code="a">Brevarios del Fondo de Cultura Económica</subfield>
      <subfield code="v">505</subfield>
    </datafield>
    <datafield tag="490" ind1=" " ind2=" ">
      <subfield code="a">Colección Austral</subfield>
      <subfield code="a">Fotoggrafía</subfield>
      <subfield code="a">Colección texto y contexto</subfield>
      <subfield code="a">Brevarios del Fondo de Cultura Económica</subfield>
      <subfield code="v">505</subfield>
    </datafield>
    <datafield tag="650" ind1=" " ind2=" ">
      <subfield code="a"> HISTORIA DE EUROPA</subfield>
    </datafield>
    <datafield tag="650" ind1=" " ind2=" ">
      <subfield code="a"> EDAD MEDIA</subfield>
    </datafield>
    <datafield tag="650" ind1=" " ind2=" ">
      <subfield code="a"> HISTORIA MEDIEVAL</subfield>
    </datafield>
    <datafield tag="650" ind1=" " ind2=" ">
      <subfield code="a"> SIGLO XII</subfield>
    </datafield>
    <datafield tag="650" ind1=" " ind2=" ">
      <subfield code="a"> SIGLO XI</subfield>
    </datafield>
    <datafield tag="942" ind1=" " ind2=" ">
      <subfield code="c">BK</subfield>
    </datafield>
    <datafield tag="952" ind1=" " ind2=" ">
      <subfield code="a">BIB_RECT</subfield>
      <subfield code="b">BIB_UARG</subfield>
      <subfield code="d">2007-11-07</subfield>
      <subfield code="y">BK</subfield>
      <subfield code="p">05-33869</subfield>
      <subfield code="i">05-33869</subfield>
      <subfield code="g">35</subfield>
      <subfield code="o">94(4) C132o</subfield>
      <subfield code="e">SIUNPA</subfield>
      <subfield code="8">CG</subfield>
    </datafield>
  </record>