
  <record>
    <leader>01000aam  22002601a 4500</leader>
    <controlfield tag="001">YPZ87276</controlfield>
    <controlfield tag="003">YPZ</controlfield>
    <controlfield tag="005">200711191750500</controlfield>
    <controlfield tag="008">071119|###########||||||b||||||||||spa|d</controlfield>
    <datafield tag="020" ind1=" " ind2=" ">
      <subfield code="a">9789507865787</subfield>
    </datafield>
    <datafield tag="040" ind1=" " ind2=" ">
      <subfield code="c">SIUNPA</subfield>
    </datafield>
    <datafield tag="041" ind1=" " ind2=" ">
      <subfield code="a">spa</subfield>
    </datafield>
    <datafield tag="044" ind1=" " ind2=" ">
      <subfield code="a">AR</subfield>
    </datafield>
    <datafield tag="080" ind1=" " ind2=" ">
      <subfield code="a">028.1 L471l</subfield>
    </datafield>
    <datafield tag="100" ind1=" " ind2=" ">
      <subfield code="a">Croci, Paula.</subfield>
    </datafield>
    <datafield tag="700" ind1=" " ind2=" ">
      <subfield code="a">Nogueira, Sylvia.</subfield>
    </datafield>
    <datafield tag="700" ind1=" " ind2=" ">
      <subfield code="a">Varela, Leonardo.</subfield>
    </datafield>
    <datafield tag="700" ind1=" " ind2=" ">
      <subfield code="a">Warley, Jorge.</subfield>
    </datafield>
    <datafield tag="245" ind1=" " ind2=" ">
      <subfield code="a">La lectura y la escritura en el inicio de los estudios superiores</subfield>
      <subfield code="b"> : prácticas de taller sobre discursos académico, político y parlamentario</subfield>
      <subfield code="c"> / Nogueira, Sylvia, coordinadora</subfield>
    </datafield>
    <datafield tag="260" ind1=" " ind2=" ">
      <subfield code="a">Buenos Aires</subfield>
      <subfield code="b"> : Biblos</subfield>
      <subfield code="c"> , 2007</subfield>
    </datafield>
    <datafield tag="650" ind1=" " ind2=" ">
      <subfield code="a"> LECTURA</subfield>
    </datafield>
    <datafield tag="650" ind1=" " ind2=" ">
      <subfield code="a"> ESCRITURA</subfield>
    </datafield>
    <datafield tag="650" ind1=" " ind2=" ">
      <subfield code="a"> PROCESO DE APRENDIZAJE</subfield>
    </datafield>
    <datafield tag="650" ind1=" " ind2=" ">
      <subfield code="a"> EJERCICIOS</subfield>
    </datafield>
    <datafield tag="942" ind1=" " ind2=" ">
      <subfield code="c">BK</subfield>
    </datafield>
    <datafield tag="952" ind1=" " ind2=" ">
      <subfield code="a">BIB_RECT</subfield>
      <subfield code="b">BIB_UACO</subfield>
      <subfield code="d">2013-03-22</subfield>
      <subfield code="y">BK</subfield>
      <subfield code="p">02-44380</subfield>
      <subfield code="i">02-44380</subfield>
      <subfield code="g">65</subfield>
      <subfield code="o">028.1 L471l</subfield>
      <subfield code="e">PI 29/B079-1</subfield>
      <subfield code="8">CG</subfield>
    </datafield>
    <datafield tag="952" ind1=" " ind2=" ">
      <subfield code="a">BIB_RECT</subfield>
      <subfield code="b">BIB_UARG</subfield>
      <subfield code="d">2007-11-13</subfield>
      <subfield code="y">BK</subfield>
      <subfield code="p">05-33907</subfield>
      <subfield code="i">05-33907</subfield>
      <subfield code="g">18</subfield>
      <subfield code="o">028.1 L471l</subfield>
      <subfield code="e">SIUNPA</subfield>
      <subfield code="8">CG</subfield>
    </datafield>
    <datafield tag="952" ind1=" " ind2=" ">
      <subfield code="a">BIB_RECT</subfield>
      <subfield code="b">BIB_UARG</subfield>
      <subfield code="d">2007-11-13</subfield>
      <subfield code="y">BK</subfield>
      <subfield code="p">05-33908</subfield>
      <subfield code="i">05-33908</subfield>
      <subfield code="g">18</subfield>
      <subfield code="o">028.1 L471l</subfield>
      <subfield code="e">SIUNPA</subfield>
      <subfield code="8">CG</subfield>
    </datafield>
    <datafield tag="952" ind1=" " ind2=" ">
      <subfield code="a">BIB_RECT</subfield>
      <subfield code="b">BIB_UART</subfield>
      <subfield code="d">2007-11-13</subfield>
      <subfield code="y">BK</subfield>
      <subfield code="p">05-33909</subfield>
      <subfield code="i">05-33909</subfield>
      <subfield code="g">18</subfield>
      <subfield code="o">028.1 L471l</subfield>
      <subfield code="e">SIUNPA</subfield>
      <subfield code="8">CG</subfield>
    </datafield>
    <datafield tag="952" ind1=" " ind2=" ">
      <subfield code="a">BIB_RECT</subfield>
      <subfield code="b">BIB_UASJ</subfield>
      <subfield code="d">2007-11-13</subfield>
      <subfield code="y">BK</subfield>
      <subfield code="p">05-33910</subfield>
      <subfield code="i">05-33910</subfield>
      <subfield code="g">18</subfield>
      <subfield code="o">028.1 L471l</subfield>
      <subfield code="e">SIUNPA</subfield>
      <subfield code="8">CG</subfield>
    </datafield>
    <datafield tag="952" ind1=" " ind2=" ">
      <subfield code="a">BIB_RECT</subfield>
      <subfield code="b">BIB_UARG</subfield>
      <subfield code="d">2007-11-13</subfield>
      <subfield code="y">BK</subfield>
      <subfield code="p">05-33911</subfield>
      <subfield code="i">05-33911</subfield>
      <subfield code="g">18</subfield>
      <subfield code="o">028.1 L471l</subfield>
      <subfield code="e">SIUNPA</subfield>
      <subfield code="8">CG</subfield>
    </datafield>
    <datafield tag="952" ind1=" " ind2=" ">
      <subfield code="a">BIB_RECT</subfield>
      <subfield code="b">BIB_UARG</subfield>
      <subfield code="d">2007-11-13</subfield>
      <subfield code="y">BK</subfield>
      <subfield code="p">05-33912</subfield>
      <subfield code="i">05-33912</subfield>
      <subfield code="g">18</subfield>
      <subfield code="o">028.1 L471l</subfield>
      <subfield code="e">SIUNPA</subfield>
      <subfield code="8">CG</subfield>
    </datafield>
    <datafield tag="952" ind1=" " ind2=" ">
      <subfield code="a">BIB_RECT</subfield>
      <subfield code="b">BIB_UARG</subfield>
      <subfield code="d">2007-11-13</subfield>
      <subfield code="y">BK</subfield>
      <subfield code="p">05-33913</subfield>
      <subfield code="i">05-33913</subfield>
      <subfield code="g">18</subfield>
      <subfield code="o">028.1 L471l</subfield>
      <subfield code="e">SIUNPA</subfield>
      <subfield code="8">CG</subfield>
    </datafield>
    <datafield tag="952" ind1=" " ind2=" ">
      <subfield code="a">BIB_RECT</subfield>
      <subfield code="b">BIB_UARG</subfield>
      <subfield code="d">2007-11-13</subfield>
      <subfield code="y">BK</subfield>
      <subfield code="p">05-33914</subfield>
      <subfield code="i">05-33914</subfield>
      <subfield code="g">18</subfield>
      <subfield code="o">028.1 L471l</subfield>
      <subfield code="e">SIUNPA</subfield>
      <subfield code="8">CG</subfield>
    </datafield>
    <datafield tag="952" ind1=" " ind2=" ">
      <subfield code="a">BIB_RECT</subfield>
      <subfield code="b">SAT_TRUN</subfield>
      <subfield code="d">2007-11-13</subfield>
      <subfield code="y">BK</subfield>
      <subfield code="p">05-33915</subfield>
      <subfield code="i">05-33915</subfield>
      <subfield code="g">18</subfield>
      <subfield code="o">028.1 L471l</subfield>
      <subfield code="e">SIUNPA</subfield>
      <subfield code="8">CG</subfield>
    </datafield>
    <datafield tag="952" ind1=" " ind2=" ">
      <subfield code="a">BIB_RECT</subfield>
      <subfield code="b">BIB_UARG</subfield>
      <subfield code="d">2007-11-13</subfield>
      <subfield code="y">BK</subfield>
      <subfield code="p">05-33916</subfield>
      <subfield code="i">05-33916</subfield>
      <subfield code="g">18</subfield>
      <subfield code="o">028.1 L471l</subfield>
      <subfield code="e">SIUNPA</subfield>
      <subfield code="8">CG</subfield>
    </datafield>
    <datafield tag="952" ind1=" " ind2=" ">
      <subfield code="a">BIB_RECT</subfield>
      <subfield code="b">BIB_UARG</subfield>
      <subfield code="d">2007-11-13</subfield>
      <subfield code="y">BK</subfield>
      <subfield code="p">05-33917</subfield>
      <subfield code="i">05-33917</subfield>
      <subfield code="g">18</subfield>
      <subfield code="o">028.1 L471l</subfield>
      <subfield code="e">SIUNPA</subfield>
      <subfield code="8">CG</subfield>
    </datafield>
  </record>