
  <record>
    <leader>01000aam  22002601a 4500</leader>
    <controlfield tag="001">YPZ87295</controlfield>
    <controlfield tag="003">YPZ</controlfield>
    <controlfield tag="005">200711221612550</controlfield>
    <controlfield tag="008">071122|###########||||||b||||||||||spa|d</controlfield>
    <datafield tag="020" ind1=" " ind2=" ">
      <subfield code="a">8428209626</subfield>
    </datafield>
    <datafield tag="040" ind1=" " ind2=" ">
      <subfield code="c">SIUNPA</subfield>
    </datafield>
    <datafield tag="041" ind1=" " ind2=" ">
      <subfield code="a">spa</subfield>
    </datafield>
    <datafield tag="044" ind1=" " ind2=" ">
      <subfield code="a">ES</subfield>
    </datafield>
    <datafield tag="080" ind1=" " ind2=" ">
      <subfield code="a">070 K759f5</subfield>
    </datafield>
    <datafield tag="100" ind1=" " ind2=" ">
      <subfield code="a">Kobré, Kenneth.</subfield>
    </datafield>
    <datafield tag="245" ind1=" " ind2=" ">
      <subfield code="a">Fotoperiodismo</subfield>
      <subfield code="b"> : el manual del reportero gráfico</subfield>
      <subfield code="c"> / Brill, Betsy, ed. y diseño ; Dauner, Enrique, tr.</subfield>
    </datafield>
    <datafield tag="250" ind1=" " ind2=" ">
      <subfield code="a">5a ed.</subfield>
    </datafield>
    <datafield tag="260" ind1=" " ind2=" ">
      <subfield code="a">Barcelona</subfield>
      <subfield code="b"> : Omega</subfield>
      <subfield code="c"> , 2006</subfield>
    </datafield>
    <datafield tag="300" ind1=" " ind2=" ">
      <subfield code="a">228 p. : </subfield>
      <subfield code="b">il. ; </subfield>
      <subfield code="a">228 p. : </subfield>
      <subfield code="a">243 p. : </subfield>
      <subfield code="b">il. ; </subfield>
      <subfield code="a">v. : </subfield>
      <subfield code="a">188 p. : </subfield>
      <subfield code="a">387 p. : </subfield>
      <subfield code="a">xix, 1251 p. : </subfield>
      <subfield code="b">il. ; </subfield>
      <subfield code="a">xxiv, 204 p. : </subfield>
      <subfield code="b">il. ; </subfield>
      <subfield code="a">187 p. : </subfield>
      <subfield code="b">il. ; </subfield>
      <subfield code="a">269 p. : </subfield>
      <subfield code="b">il. ; </subfield>
      <subfield code="a">823 p. : </subfield>
      <subfield code="a">423 p. : </subfield>
      <subfield code="a">89 p. : </subfield>
      <subfield code="a">346 p. : </subfield>
      <subfield code="a">326 p. : </subfield>
      <subfield code="b">il. ; </subfield>
      <subfield code="a">144 p. : </subfield>
      <subfield code="a">423 p. : </subfield>
      <subfield code="a">78 p. : </subfield>
      <subfield code="a">311 p. : </subfield>
      <subfield code="a">191 p. : </subfield>
      <subfield code="b">il. ; </subfield>
      <subfield code="a">123 p. : </subfield>
      <subfield code="b">il. ; </subfield>
      <subfield code="a">123 p. : </subfield>
      <subfield code="b">il. ; </subfield>
      <subfield code="a">144 p. : </subfield>
      <subfield code="a">143 p. : </subfield>
      <subfield code="a">486 p. : </subfield>
      <subfield code="a">255 p. : </subfield>
      <subfield code="b">il. ; </subfield>
      <subfield code="a">lv, 343 p. : </subfield>
      <subfield code="a">293 p. : </subfield>
      <subfield code="a">306 p. : </subfield>
      <subfield code="a">67 p. : </subfield>
      <subfield code="a">139 p. : </subfield>
      <subfield code="a">191 p. : </subfield>
      <subfield code="a">169 p. : </subfield>
      <subfield code="a">741 p. : </subfield>
      <subfield code="a">236 p. : </subfield>
      <subfield code="a">328 p. : </subfield>
      <subfield code="a">214 p. : </subfield>
      <subfield code="a">796 p. : </subfield>
      <subfield code="a">442 p. : </subfield>
      <subfield code="a">462 p. : </subfield>
      <subfield code="a">518 p. : </subfield>
      <subfield code="b">il. ; </subfield>
      <subfield code="a">293 p. : </subfield>
      <subfield code="b">il. ; </subfield>
      <subfield code="a">144 p. : </subfield>
      <subfield code="b">il. ; </subfield>
      <subfield code="a">cxxvii, 339 p. : </subfield>
      <subfield code="a">416 p. : </subfield>
      <subfield code="b">il. ; </subfield>
      <subfield code="e">1 CD-ROM en bolsillo</subfield>
    </datafield>
    <datafield tag="500" ind1=" " ind2=" ">
      <subfield code="a">Contenido del CD-ROM: Photojournalism: the professionals' approach</subfield>
    </datafield>
    <datafield tag="650" ind1=" " ind2=" ">
      <subfield code="a"> FOTOPERIODISMO</subfield>
    </datafield>
    <datafield tag="942" ind1=" " ind2=" ">
      <subfield code="c">BK</subfield>
    </datafield>
    <datafield tag="952" ind1=" " ind2=" ">
      <subfield code="a">BIB_RECT</subfield>
      <subfield code="b">BIB_UARG</subfield>
      <subfield code="d">2007-11-19</subfield>
      <subfield code="y">BK</subfield>
      <subfield code="p">05-33973</subfield>
      <subfield code="i">05-33973</subfield>
      <subfield code="g">255</subfield>
      <subfield code="o">070 K759f5</subfield>
      <subfield code="e">SIUNPA</subfield>
      <subfield code="8">CG</subfield>
    </datafield>
  </record>