
  <record>
    <leader>01000aam  22002601a 4500</leader>
    <controlfield tag="001">YPZ87303</controlfield>
    <controlfield tag="003">YPZ</controlfield>
    <controlfield tag="005">200711231718540</controlfield>
    <controlfield tag="008">071123|###########||||||b||||||||||spa|d</controlfield>
    <datafield tag="020" ind1=" " ind2=" ">
      <subfield code="a">843390597X</subfield>
    </datafield>
    <datafield tag="040" ind1=" " ind2=" ">
      <subfield code="c">SIUNPA</subfield>
    </datafield>
    <datafield tag="041" ind1=" " ind2=" ">
      <subfield code="a">spa</subfield>
    </datafield>
    <datafield tag="044" ind1=" " ind2=" ">
      <subfield code="a">ES</subfield>
    </datafield>
    <datafield tag="080" ind1=" " ind2=" ">
      <subfield code="a">316.7 M754a</subfield>
    </datafield>
    <datafield tag="100" ind1=" " ind2=" ">
      <subfield code="a">Monsiváis, Carlos.</subfield>
    </datafield>
    <datafield tag="245" ind1=" " ind2=" ">
      <subfield code="a">Aires de familia, cultura y sociedad en América Latina</subfield>
      <subfield code="b"> : cultura y sociedad en América Latina</subfield>
    </datafield>
    <datafield tag="260" ind1=" " ind2=" ">
      <subfield code="a">Barcelona</subfield>
      <subfield code="b"> : Anagrama</subfield>
      <subfield code="c"> , 2000</subfield>
    </datafield>
    <datafield tag="440" ind1=" " ind2=" ">
      <subfield code="a">Colección vitral</subfield>
      <subfield code="a">Colección salud colectiva</subfield>
      <subfield code="a">Colección Psicoanálisis y salud mental</subfield>
      <subfield code="a">Taurus pensamiento</subfield>
      <subfield code="a">Colección argumentos</subfield>
      <subfield code="v">246</subfield>
    </datafield>
    <datafield tag="490" ind1=" " ind2=" ">
      <subfield code="a">Colección vitral</subfield>
      <subfield code="a">Colección salud colectiva</subfield>
      <subfield code="a">Colección Psicoanálisis y salud mental</subfield>
      <subfield code="a">Taurus pensamiento</subfield>
      <subfield code="a">Colección argumentos</subfield>
      <subfield code="v">246</subfield>
    </datafield>
    <datafield tag="650" ind1=" " ind2=" ">
      <subfield code="a"> SOCIOLOGIA CULTURAL</subfield>
    </datafield>
    <datafield tag="650" ind1=" " ind2=" ">
      <subfield code="a"> AMERICA LATINA</subfield>
    </datafield>
    <datafield tag="942" ind1=" " ind2=" ">
      <subfield code="c">BK</subfield>
    </datafield>
    <datafield tag="952" ind1=" " ind2=" ">
      <subfield code="a">BIB_RECT</subfield>
      <subfield code="b">BIB_UARG</subfield>
      <subfield code="d">2006-08-08</subfield>
      <subfield code="y">BK</subfield>
      <subfield code="p">05-16431</subfield>
      <subfield code="i">05-16431</subfield>
      <subfield code="g">51</subfield>
      <subfield code="o">316.7 M754a</subfield>
      <subfield code="e">PRESIUNPA/01</subfield>
      <subfield code="8">CG</subfield>
    </datafield>
    <datafield tag="952" ind1=" " ind2=" ">
      <subfield code="a">BIB_RECT</subfield>
      <subfield code="b">BIB_UARG</subfield>
      <subfield code="d">2007-11-19</subfield>
      <subfield code="y">BK</subfield>
      <subfield code="p">05-33997</subfield>
      <subfield code="i">05-33997</subfield>
      <subfield code="g">51</subfield>
      <subfield code="o">316.7 M754a</subfield>
      <subfield code="e">SIUNPA</subfield>
      <subfield code="8">CG</subfield>
    </datafield>
  </record>