
  <record>
    <leader>01000aam  22002601a 4500</leader>
    <controlfield tag="001">YPZ87336</controlfield>
    <controlfield tag="003">YPZ</controlfield>
    <controlfield tag="005">200712031804310</controlfield>
    <controlfield tag="008">071203|###########||||||b||||||||||spa|d</controlfield>
    <datafield tag="020" ind1=" " ind2=" ">
      <subfield code="a">844151996X</subfield>
    </datafield>
    <datafield tag="040" ind1=" " ind2=" ">
      <subfield code="c">SIUNPA</subfield>
    </datafield>
    <datafield tag="041" ind1=" " ind2=" ">
      <subfield code="a">spa</subfield>
    </datafield>
    <datafield tag="044" ind1=" " ind2=" ">
      <subfield code="a">ES</subfield>
    </datafield>
    <datafield tag="080" ind1=" " ind2=" ">
      <subfield code="a">004.9 D262t</subfield>
    </datafield>
    <datafield tag="100" ind1=" " ind2=" ">
      <subfield code="a">Davis, Jack.</subfield>
    </datafield>
    <datafield tag="700" ind1=" " ind2=" ">
      <subfield code="a">Willmore, Ben.</subfield>
    </datafield>
    <datafield tag="245" ind1=" " ind2=" ">
      <subfield code="a">Tratamiento digital de la fotografía con Photoshop CS2</subfield>
      <subfield code="c"> / Irigoyen Irigoyen, Rocío, tr.</subfield>
    </datafield>
    <datafield tag="260" ind1=" " ind2=" ">
      <subfield code="a">Madrid</subfield>
      <subfield code="b"> : Anaya Multimedia</subfield>
      <subfield code="c"> , 2006</subfield>
    </datafield>
    <datafield tag="300" ind1=" " ind2=" ">
      <subfield code="a">610 p. : </subfield>
      <subfield code="a">410 p. : </subfield>
      <subfield code="b">il. ; </subfield>
      <subfield code="a">287 p. : </subfield>
      <subfield code="b">il. ; </subfield>
      <subfield code="a">x, 326 p. : </subfield>
      <subfield code="b">il. ; </subfield>
      <subfield code="a">223 p. : </subfield>
      <subfield code="a">270 p. : </subfield>
      <subfield code="a">254 p. : </subfield>
      <subfield code="a">469 p. : </subfield>
      <subfield code="a">151 p. : </subfield>
      <subfield code="a">185 p. : </subfield>
      <subfield code="b">il. ; </subfield>
      <subfield code="a">509 p. : </subfield>
      <subfield code="a">330 p. : </subfield>
      <subfield code="a">348 p. : </subfield>
      <subfield code="a">229 p. : </subfield>
      <subfield code="a">459 p. : </subfield>
      <subfield code="a">384 p. : </subfield>
      <subfield code="a">165 p. : </subfield>
      <subfield code="a">222 p. : </subfield>
      <subfield code="b">il. ; </subfield>
      <subfield code="a">290 p. : </subfield>
      <subfield code="a">443 p. : </subfield>
      <subfield code="a">158 p. : </subfield>
      <subfield code="a">269 p. : </subfield>
      <subfield code="b">il. ; </subfield>
      <subfield code="a">v. : </subfield>
      <subfield code="b">il. ; </subfield>
      <subfield code="a">351 p. : </subfield>
      <subfield code="b">il. ; </subfield>
      <subfield code="a">220 p. : </subfield>
      <subfield code="a">772 p. : </subfield>
      <subfield code="a">186 p. : </subfield>
      <subfield code="a">684 p. : </subfield>
      <subfield code="a">266 p. : </subfield>
      <subfield code="a">162 p. : </subfield>
      <subfield code="b">il. ; </subfield>
      <subfield code="a">166 p. : </subfield>
      <subfield code="a">3 v. : </subfield>
      <subfield code="b">il. ; </subfield>
      <subfield code="a">632 p. : </subfield>
      <subfield code="a">310 p. : </subfield>
      <subfield code="a">642 p. : </subfield>
      <subfield code="a">518 p. : </subfield>
      <subfield code="a">282 p. : </subfield>
      <subfield code="a">xxi, 451 p. : </subfield>
      <subfield code="b">il. ; </subfield>
      <subfield code="a">416 p. : </subfield>
      <subfield code="b">il. ; </subfield>
      <subfield code="e">1 CD-ROM en bolsillo</subfield>
    </datafield>
    <datafield tag="650" ind1=" " ind2=" ">
      <subfield code="a"> FOTOGRAFIA</subfield>
    </datafield>
    <datafield tag="650" ind1=" " ind2=" ">
      <subfield code="a"> IMAGEN DIGITAL</subfield>
    </datafield>
    <datafield tag="650" ind1=" " ind2=" ">
      <subfield code="a"> PROCESADO DIGITAL DE IMAGEN</subfield>
    </datafield>
    <datafield tag="650" ind1=" " ind2=" ">
      <subfield code="a"> INFORMATICA APLICADA</subfield>
    </datafield>
    <datafield tag="942" ind1=" " ind2=" ">
      <subfield code="c">BK</subfield>
    </datafield>
    <datafield tag="952" ind1=" " ind2=" ">
      <subfield code="a">BIB_RECT</subfield>
      <subfield code="b">BIB_UARG</subfield>
      <subfield code="d">2007-11-27</subfield>
      <subfield code="y">BK</subfield>
      <subfield code="p">05-34086</subfield>
      <subfield code="i">05-34086</subfield>
      <subfield code="g">149</subfield>
      <subfield code="o">004.9 D262t</subfield>
      <subfield code="e">SIUNPA</subfield>
      <subfield code="8">CG</subfield>
    </datafield>
  </record>