
  <record>
    <leader>01000aam  22002601a 4500</leader>
    <controlfield tag="001">YPZ87338</controlfield>
    <controlfield tag="003">YPZ</controlfield>
    <controlfield tag="005">200712041302030</controlfield>
    <controlfield tag="008">071204|###########||||||b||||||||||spa|d</controlfield>
    <datafield tag="020" ind1=" " ind2=" ">
      <subfield code="a">8449318114</subfield>
    </datafield>
    <datafield tag="040" ind1=" " ind2=" ">
      <subfield code="c">SIUNPA</subfield>
    </datafield>
    <datafield tag="041" ind1=" " ind2=" ">
      <subfield code="a">spa</subfield>
    </datafield>
    <datafield tag="044" ind1=" " ind2=" ">
      <subfield code="a">ES</subfield>
    </datafield>
    <datafield tag="080" ind1=" " ind2=" ">
      <subfield code="a">001.1 H491e</subfield>
    </datafield>
    <datafield tag="100" ind1=" " ind2=" ">
      <subfield code="a">Hempel, Carl G..</subfield>
    </datafield>
    <datafield tag="245" ind1=" " ind2=" ">
      <subfield code="a">La explicación científica</subfield>
      <subfield code="b"> : estudios sobre la filosofía de la ciencia</subfield>
      <subfield code="c"> / Frassineti de Gallo, M., tr. (cap. 8) ; Míguez, Néstor, tr. (cap. 1-6 y 12) ; Ruiz Aused, Irma, tr. (cap. 7 a 11)</subfield>
    </datafield>
    <datafield tag="250" ind1=" " ind2=" ">
      <subfield code="a">1a ed.</subfield>
    </datafield>
    <datafield tag="260" ind1=" " ind2=" ">
      <subfield code="a">Barcelona</subfield>
      <subfield code="b"> : Paidós</subfield>
      <subfield code="c"> , 2005</subfield>
    </datafield>
    <datafield tag="440" ind1=" " ind2=" ">
      <subfield code="a">Surcos</subfield>
      <subfield code="v">13</subfield>
    </datafield>
    <datafield tag="490" ind1=" " ind2=" ">
      <subfield code="a">Surcos</subfield>
      <subfield code="v">13</subfield>
    </datafield>
    <datafield tag="650" ind1=" " ind2=" ">
      <subfield code="a"> FILOSOFIA DE LA CIENCIA</subfield>
    </datafield>
    <datafield tag="650" ind1=" " ind2=" ">
      <subfield code="a"> CIENCIA</subfield>
    </datafield>
    <datafield tag="942" ind1=" " ind2=" ">
      <subfield code="c">BK</subfield>
    </datafield>
    <datafield tag="952" ind1=" " ind2=" ">
      <subfield code="a">BIB_RECT</subfield>
      <subfield code="b">BIB_UARG</subfield>
      <subfield code="d">2007-11-27</subfield>
      <subfield code="y">BK</subfield>
      <subfield code="p">05-34078</subfield>
      <subfield code="i">05-34078</subfield>
      <subfield code="g">54</subfield>
      <subfield code="o">001.1 H491e</subfield>
      <subfield code="e">SIUNPA</subfield>
      <subfield code="8">CG</subfield>
    </datafield>
    <datafield tag="952" ind1=" " ind2=" ">
      <subfield code="a">BIB_RECT</subfield>
      <subfield code="b">BIB_UARG</subfield>
      <subfield code="d">2007-11-27</subfield>
      <subfield code="y">BK</subfield>
      <subfield code="p">05-34079</subfield>
      <subfield code="i">05-34079</subfield>
      <subfield code="g">54</subfield>
      <subfield code="o">001.1 H491e</subfield>
      <subfield code="e">SIUNPA</subfield>
      <subfield code="8">CG</subfield>
    </datafield>
    <datafield tag="952" ind1=" " ind2=" ">
      <subfield code="a">BIB_RECT</subfield>
      <subfield code="b">BIB_UARG</subfield>
      <subfield code="d">2007-11-27</subfield>
      <subfield code="y">BK</subfield>
      <subfield code="p">05-34080</subfield>
      <subfield code="i">05-34080</subfield>
      <subfield code="g">54</subfield>
      <subfield code="o">001.1 H491e</subfield>
      <subfield code="e">SIUNPA</subfield>
      <subfield code="8">CG</subfield>
    </datafield>
    <datafield tag="952" ind1=" " ind2=" ">
      <subfield code="a">BIB_RECT</subfield>
      <subfield code="b">BIB_UARG</subfield>
      <subfield code="d">2007-11-27</subfield>
      <subfield code="y">BK</subfield>
      <subfield code="p">05-34081</subfield>
      <subfield code="i">05-34081</subfield>
      <subfield code="g">54</subfield>
      <subfield code="o">001.1 H491e</subfield>
      <subfield code="e">SIUNPA</subfield>
      <subfield code="8">CG</subfield>
    </datafield>
    <datafield tag="952" ind1=" " ind2=" ">
      <subfield code="a">BIB_RECT</subfield>
      <subfield code="b">BIB_UARG</subfield>
      <subfield code="d">2007-11-27</subfield>
      <subfield code="y">BK</subfield>
      <subfield code="p">05-34082</subfield>
      <subfield code="i">05-34082</subfield>
      <subfield code="g">54</subfield>
      <subfield code="o">001.1 H491e</subfield>
      <subfield code="e">SIUNPA</subfield>
      <subfield code="8">CG</subfield>
    </datafield>
  </record>