
  <record>
    <leader>01000aam  22002601a 4500</leader>
    <controlfield tag="001">YPZ87355</controlfield>
    <controlfield tag="003">YPZ</controlfield>
    <controlfield tag="005">200712071458190</controlfield>
    <controlfield tag="008">071207|###########||||||b||||||||||spa|d</controlfield>
    <datafield tag="020" ind1=" " ind2=" ">
      <subfield code="a">9701046560</subfield>
    </datafield>
    <datafield tag="040" ind1=" " ind2=" ">
      <subfield code="c">SIUNPA</subfield>
    </datafield>
    <datafield tag="041" ind1=" " ind2=" ">
      <subfield code="a">spa</subfield>
    </datafield>
    <datafield tag="044" ind1=" " ind2=" ">
      <subfield code="a">MX</subfield>
    </datafield>
    <datafield tag="080" ind1=" " ind2=" ">
      <subfield code="a">621.01 N887d3</subfield>
    </datafield>
    <datafield tag="100" ind1=" " ind2=" ">
      <subfield code="a">Norton, Robert L..</subfield>
    </datafield>
    <datafield tag="245" ind1=" " ind2=" ">
      <subfield code="a">Diseño de maquinaria</subfield>
      <subfield code="b"> : síntesis y análisis de máquinas y mecanismo</subfield>
      <subfield code="c"> / Navarro Salas, Rodolfo, tr. ; Villalobos Luna, José de Jesús, rev. técnica ; Hernández Fernández, Ángel, rev. técnica ; Ruiz Guzmán, Sergio Alberto, rev. técnica ; Saldaña Sánchez, Sergio,  rev. técnica</subfield>
    </datafield>
    <datafield tag="250" ind1=" " ind2=" ">
      <subfield code="a">3a ed. en español</subfield>
    </datafield>
    <datafield tag="260" ind1=" " ind2=" ">
      <subfield code="a">México, D.F.</subfield>
      <subfield code="b"> : McGraw-Hill Interamericana</subfield>
      <subfield code="c"> , 2005</subfield>
    </datafield>
    <datafield tag="300" ind1=" " ind2=" ">
      <subfield code="a">58 p. : </subfield>
      <subfield code="b">il. ; </subfield>
      <subfield code="a">647 p. : </subfield>
      <subfield code="b">il. ; </subfield>
      <subfield code="a">2 v. : </subfield>
      <subfield code="a">xvi, 940 p. : </subfield>
      <subfield code="b">il. ; </subfield>
      <subfield code="a">xii, 563 p. : </subfield>
      <subfield code="b">il. ; </subfield>
      <subfield code="a">276 p. : </subfield>
      <subfield code="b">il. ; </subfield>
      <subfield code="a">xix, 469 p. : </subfield>
      <subfield code="a">xx, 834 p. : </subfield>
      <subfield code="b">il. ; </subfield>
      <subfield code="a">xx, 642 p. : </subfield>
      <subfield code="b">il. ; </subfield>
      <subfield code="a">xviii, 236 p. : </subfield>
      <subfield code="b">il. ; </subfield>
      <subfield code="a">xxiv, [1232] p. en varias paginaciones : </subfield>
      <subfield code="b">il. ; </subfield>
      <subfield code="a">xix, [596] p. en varias paginaciones : </subfield>
      <subfield code="b">il. ; </subfield>
      <subfield code="a">v. : </subfield>
      <subfield code="b">il. ; </subfield>
      <subfield code="a">xviii, 330 p. : </subfield>
      <subfield code="b">il. ; </subfield>
      <subfield code="a">xxxvii, [1250] p. en varias paginaciones : </subfield>
      <subfield code="b">il. ; </subfield>
      <subfield code="a">x, 242 p. : </subfield>
      <subfield code="b">il. ; </subfield>
      <subfield code="a">xxx, 712 p. : </subfield>
      <subfield code="b">il. ; </subfield>
      <subfield code="a">461 p. : </subfield>
      <subfield code="b">il. ; </subfield>
      <subfield code="a">xxi, 749 p. : </subfield>
      <subfield code="b">il. ; </subfield>
      <subfield code="e">1 CD-ROM en bolsillo</subfield>
    </datafield>
    <datafield tag="500" ind1=" " ind2=" ">
      <subfield code="a">Contenido del CD-ROM: El CD que acompaña la obra incluye los programas SLIDER, FOURBAR, FIVEBAR, SIXBAR, DYNACAM, ENGINE y MATRIX, los cuales fueron desarrollado por el autor y ahora proporcionan pantallas más grandes y funciones nuevas. También se incluyen en el CD algunos modelos TKSolver, la versión 5.2 de WorkingModel 2D, más de 100 simulaciones basadas en este importante software y 19 modelos MATLAB</subfield>
    </datafield>
    <datafield tag="650" ind1=" " ind2=" ">
      <subfield code="a"> INGENIERIA MECANICA</subfield>
    </datafield>
    <datafield tag="650" ind1=" " ind2=" ">
      <subfield code="a"> DISEÑO DE MAQUINAS</subfield>
    </datafield>
    <datafield tag="650" ind1=" " ind2=" ">
      <subfield code="a"> MAQUINARIA</subfield>
    </datafield>
    <datafield tag="942" ind1=" " ind2=" ">
      <subfield code="c">BK</subfield>
    </datafield>
    <datafield tag="952" ind1=" " ind2=" ">
      <subfield code="a">BIB_RECT</subfield>
      <subfield code="b">BIB_UART</subfield>
      <subfield code="d">2010-10-06</subfield>
      <subfield code="y">BK</subfield>
      <subfield code="p">03-40062</subfield>
      <subfield code="i">03-40062</subfield>
      <subfield code="g">142</subfield>
      <subfield code="o">621.01 N887d3</subfield>
      <subfield code="e">Compra SIUNPA OC 068/10</subfield>
      <subfield code="8">CG</subfield>
    </datafield>
    <datafield tag="952" ind1=" " ind2=" ">
      <subfield code="a">BIB_RECT</subfield>
      <subfield code="b">BIB_UARG</subfield>
      <subfield code="d">2007-11-20</subfield>
      <subfield code="y">BK</subfield>
      <subfield code="p">05-34049</subfield>
      <subfield code="i">05-34049</subfield>
      <subfield code="g">87</subfield>
      <subfield code="o">621.01 N887d3</subfield>
      <subfield code="e">SIUNPA</subfield>
      <subfield code="8">CG</subfield>
    </datafield>
    <datafield tag="952" ind1=" " ind2=" ">
      <subfield code="a">BIB_RECT</subfield>
      <subfield code="b">BIB_UARG</subfield>
      <subfield code="d">2007-11-20</subfield>
      <subfield code="y">BK</subfield>
      <subfield code="p">05-34050</subfield>
      <subfield code="i">05-34050</subfield>
      <subfield code="g">87</subfield>
      <subfield code="o">621.01 N887d3</subfield>
      <subfield code="e">SIUNPA</subfield>
      <subfield code="8">CG</subfield>
    </datafield>
    <datafield tag="952" ind1=" " ind2=" ">
      <subfield code="a">BIB_RECT</subfield>
      <subfield code="b">BIB_UARG</subfield>
      <subfield code="d">2007-11-20</subfield>
      <subfield code="y">BK</subfield>
      <subfield code="p">05-34051</subfield>
      <subfield code="i">05-34051</subfield>
      <subfield code="g">87</subfield>
      <subfield code="o">621.01 N887d3</subfield>
      <subfield code="e">SIUNPA</subfield>
      <subfield code="8">CG</subfield>
    </datafield>
  </record>