
  <record>
    <leader>01000aam  22002601a 4500</leader>
    <controlfield tag="001">YPZ87356</controlfield>
    <controlfield tag="003">YPZ</controlfield>
    <controlfield tag="005">200712071606470</controlfield>
    <controlfield tag="008">071207|###########||||||b||||||||||spa|d</controlfield>
    <datafield tag="020" ind1=" " ind2=" ">
      <subfield code="a">8420009245</subfield>
    </datafield>
    <datafield tag="040" ind1=" " ind2=" ">
      <subfield code="c">SIUNPA</subfield>
    </datafield>
    <datafield tag="041" ind1=" " ind2=" ">
      <subfield code="a">spa</subfield>
    </datafield>
    <datafield tag="044" ind1=" " ind2=" ">
      <subfield code="a">ES</subfield>
    </datafield>
    <datafield tag="080" ind1=" " ind2=" ">
      <subfield code="a">639.3 A189ac</subfield>
    </datafield>
    <datafield tag="245" ind1=" " ind2=" ">
      <subfield code="a">Acuicultura para veterinarios</subfield>
      <subfield code="b"> : producción y clínica de peces</subfield>
      <subfield code="c"> / Brown, Lydia, ed. ; Blas Giral, Ignacio de, tr. ; Alonso Martínez, José Luis, tr. ; Múzquiz Moracho, José Luis, tr. ; Ortega Rodríguez, Carmelo, tr.</subfield>
    </datafield>
    <datafield tag="260" ind1=" " ind2=" ">
      <subfield code="a">Zaragoza</subfield>
      <subfield code="b"> : Acribia</subfield>
      <subfield code="c"> , 2000</subfield>
    </datafield>
    <datafield tag="650" ind1=" " ind2=" ">
      <subfield code="a"> ACUICULTURA</subfield>
    </datafield>
    <datafield tag="650" ind1=" " ind2=" ">
      <subfield code="a"> PISCICULTURA</subfield>
    </datafield>
    <datafield tag="942" ind1=" " ind2=" ">
      <subfield code="c">BK</subfield>
    </datafield>
    <datafield tag="952" ind1=" " ind2=" ">
      <subfield code="a">BIB_RECT</subfield>
      <subfield code="b">BIB_UARG</subfield>
      <subfield code="d">2007-11-20</subfield>
      <subfield code="y">BK</subfield>
      <subfield code="p">05-34052</subfield>
      <subfield code="i">05-34052</subfield>
      <subfield code="g">232</subfield>
      <subfield code="o">639.3 A189ac</subfield>
      <subfield code="e">SIUNPA</subfield>
      <subfield code="8">CG</subfield>
    </datafield>
    <datafield tag="952" ind1=" " ind2=" ">
      <subfield code="a">BIB_RECT</subfield>
      <subfield code="b">BIB_UARG</subfield>
      <subfield code="d">2008-05-09</subfield>
      <subfield code="y">BK</subfield>
      <subfield code="p">05-35538</subfield>
      <subfield code="i">05-35538</subfield>
      <subfield code="g">265</subfield>
      <subfield code="o">639.3 A189ac</subfield>
      <subfield code="e">Compra Contrato Programa</subfield>
      <subfield code="8">CG</subfield>
    </datafield>
  </record>