
  <record>
    <leader>01000aam  22002601a 4500</leader>
    <controlfield tag="001">YPZ87358</controlfield>
    <controlfield tag="003">YPZ</controlfield>
    <controlfield tag="005">200712071846150</controlfield>
    <controlfield tag="008">071207|###########||||||b||||||||||spa|d</controlfield>
    <datafield tag="020" ind1=" " ind2=" ">
      <subfield code="a">8486793459 (Fundación Conde del Valle de Salazar)</subfield>
    </datafield>
    <datafield tag="020" ind1=" " ind2=" ">
      <subfield code="a">8484763005 (Mundi Prensa)</subfield>
    </datafield>
    <datafield tag="040" ind1=" " ind2=" ">
      <subfield code="c">SIUNPA</subfield>
    </datafield>
    <datafield tag="041" ind1=" " ind2=" ">
      <subfield code="a">spa</subfield>
    </datafield>
    <datafield tag="044" ind1=" " ind2=" ">
      <subfield code="a">ES</subfield>
    </datafield>
    <datafield tag="080" ind1=" " ind2=" ">
      <subfield code="a">504.064.2 E921e</subfield>
    </datafield>
    <datafield tag="245" ind1=" " ind2=" ">
      <subfield code="a">Evaluación ambiental estratégica analítica</subfield>
      <subfield code="b"> : hacia una toma de decisiones sostenible</subfield>
      <subfield code="c"> / Carratti, Pietro, ed. versión en inglés ; Dalkmann, Holger, ed. versión en inglés ; Jiliberto, Rodrigo, ed. versión en inglés ; Escribano, Rafael, ed. versión en castellano ; Jiliberto Rodrigo, ed. versión en castellano ; Rodríguez Nuero, Salvador, tr.</subfield>
    </datafield>
    <datafield tag="260" ind1=" " ind2=" ">
      <subfield code="a">[Madrid]</subfield>
      <subfield code="b"> : Fundación Conde del Valle de Salazar</subfield>
      <subfield code="b"> : Mundi-Prensa</subfield>
      <subfield code="c"> , [2006?]</subfield>
    </datafield>
    <datafield tag="650" ind1=" " ind2=" ">
      <subfield code="a"> EVALUACION DEL IMPACTO AMBIENTAL</subfield>
    </datafield>
    <datafield tag="942" ind1=" " ind2=" ">
      <subfield code="c">BK</subfield>
    </datafield>
    <datafield tag="952" ind1=" " ind2=" ">
      <subfield code="a">BIB_RECT</subfield>
      <subfield code="b">BIB_UARG</subfield>
      <subfield code="d">2007-11-20</subfield>
      <subfield code="y">BK</subfield>
      <subfield code="p">05-34069</subfield>
      <subfield code="i">05-34069</subfield>
      <subfield code="g">89</subfield>
      <subfield code="o">504.064.2 E921e</subfield>
      <subfield code="e">SIUNPA</subfield>
      <subfield code="8">CG</subfield>
    </datafield>
  </record>