
  <record>
    <leader>01000aam  22002601a 4500</leader>
    <controlfield tag="001">YPZ87386</controlfield>
    <controlfield tag="003">YPZ</controlfield>
    <controlfield tag="005">200712201214290</controlfield>
    <controlfield tag="008">071220|###########||||||b||||||||||spa|d</controlfield>
    <datafield tag="020" ind1=" " ind2=" ">
      <subfield code="a">8470461771</subfield>
    </datafield>
    <datafield tag="040" ind1=" " ind2=" ">
      <subfield code="c">SIUNPA</subfield>
    </datafield>
    <datafield tag="041" ind1=" " ind2=" ">
      <subfield code="a">spa</subfield>
    </datafield>
    <datafield tag="044" ind1=" " ind2=" ">
      <subfield code="a">ES</subfield>
    </datafield>
    <datafield tag="080" ind1=" " ind2=" ">
      <subfield code="a">37.02 P118i</subfield>
    </datafield>
    <datafield tag="100" ind1=" " ind2=" ">
      <subfield code="a">Pacios, Arsenico.</subfield>
    </datafield>
    <datafield tag="245" ind1=" " ind2=" ">
      <subfield code="a">Introducción a la didáctica</subfield>
    </datafield>
    <datafield tag="260" ind1=" " ind2=" ">
      <subfield code="a">Madrid</subfield>
      <subfield code="b"> : Cincel</subfield>
      <subfield code="b"> : Kapelusz</subfield>
      <subfield code="c"> , 1980</subfield>
    </datafield>
    <datafield tag="440" ind1=" " ind2=" ">
      <subfield code="a">Diseño y creatividad</subfield>
      <subfield code="a">Colección de didáctica / Cincel-Kapelusz</subfield>
      <subfield code="v">3</subfield>
    </datafield>
    <datafield tag="490" ind1=" " ind2=" ">
      <subfield code="a">Diseño y creatividad</subfield>
      <subfield code="a">Colección de didáctica / Cincel-Kapelusz</subfield>
      <subfield code="v">3</subfield>
    </datafield>
    <datafield tag="650" ind1=" " ind2=" ">
      <subfield code="a"> DIDACTICA</subfield>
    </datafield>
    <datafield tag="650" ind1=" " ind2=" ">
      <subfield code="a"> METODOS DE ENSEÑANZA</subfield>
    </datafield>
    <datafield tag="650" ind1=" " ind2=" ">
      <subfield code="a"> APRENDIZAJE</subfield>
    </datafield>
    <datafield tag="942" ind1=" " ind2=" ">
      <subfield code="c">BK</subfield>
    </datafield>
    <datafield tag="952" ind1=" " ind2=" ">
      <subfield code="a">BIB_RECT</subfield>
      <subfield code="b">BIB_UACO</subfield>
      <subfield code="d">2007-11-05</subfield>
      <subfield code="y">BK</subfield>
      <subfield code="p">02-07708</subfield>
      <subfield code="i">02-07708</subfield>
      <subfield code="g">49</subfield>
      <subfield code="o">37.02 P118i</subfield>
      <subfield code="e">UACO</subfield>
      <subfield code="8">CG</subfield>
    </datafield>
    <datafield tag="952" ind1=" " ind2=" ">
      <subfield code="a">BIB_RECT</subfield>
      <subfield code="b">BIB_UACO</subfield>
      <subfield code="d">2007-11-05</subfield>
      <subfield code="y">BK</subfield>
      <subfield code="p">02-07709</subfield>
      <subfield code="i">02-07709</subfield>
      <subfield code="g">49</subfield>
      <subfield code="o">37.02 P118i</subfield>
      <subfield code="e">UACO</subfield>
      <subfield code="8">CG</subfield>
    </datafield>
    <datafield tag="952" ind1=" " ind2=" ">
      <subfield code="a">BIB_RECT</subfield>
      <subfield code="b">BIB_UACO</subfield>
      <subfield code="d">2007-11-05</subfield>
      <subfield code="y">BK</subfield>
      <subfield code="p">02-07710</subfield>
      <subfield code="i">02-07710</subfield>
      <subfield code="g">49</subfield>
      <subfield code="o">37.02 P118i</subfield>
      <subfield code="e">UACO</subfield>
      <subfield code="8">CG</subfield>
    </datafield>
    <datafield tag="952" ind1=" " ind2=" ">
      <subfield code="a">BIB_RECT</subfield>
      <subfield code="b">BIB_UARG</subfield>
      <subfield code="d">2006-08-28</subfield>
      <subfield code="y">BK</subfield>
      <subfield code="p">05-10063</subfield>
      <subfield code="i">05-10063</subfield>
      <subfield code="g">0</subfield>
      <subfield code="o">37.02 P118i</subfield>
      <subfield code="e"/>
      <subfield code="8">CG</subfield>
    </datafield>
  </record>