
  <record>
    <leader>01000aam  22002601a 4500</leader>
    <controlfield tag="001">YPZ87391</controlfield>
    <controlfield tag="003">YPZ</controlfield>
    <controlfield tag="005">200802111331120</controlfield>
    <controlfield tag="008">080211|###########||||||b||||||||||spa|d</controlfield>
    <datafield tag="020" ind1=" " ind2=" ">
      <subfield code="a">8420544515</subfield>
    </datafield>
    <datafield tag="040" ind1=" " ind2=" ">
      <subfield code="c">SIUNPA</subfield>
    </datafield>
    <datafield tag="041" ind1=" " ind2=" ">
      <subfield code="a">spa</subfield>
    </datafield>
    <datafield tag="044" ind1=" " ind2=" ">
      <subfield code="a">ES</subfield>
    </datafield>
    <datafield tag="080" ind1=" " ind2=" ">
      <subfield code="a">620.17 S524i6</subfield>
    </datafield>
    <datafield tag="100" ind1=" " ind2=" ">
      <subfield code="a">Shackelford, James F..</subfield>
    </datafield>
    <datafield tag="245" ind1=" " ind2=" ">
      <subfield code="a">Introducción a la ciencia de materiales para ingenieros</subfield>
      <subfield code="b"> : sexta edición</subfield>
      <subfield code="c"> / Güemes, Alfredo, tr., adaptación y rev. técnica ; Martín, Nuria, tr., adaptación y rev. técnica</subfield>
    </datafield>
    <datafield tag="250" ind1=" " ind2=" ">
      <subfield code="a">6a ed.</subfield>
    </datafield>
    <datafield tag="260" ind1=" " ind2=" ">
      <subfield code="a">Madrid</subfield>
      <subfield code="b"> : Prentice Hall</subfield>
      <subfield code="c"> , 2005</subfield>
    </datafield>
    <datafield tag="300" ind1=" " ind2=" ">
      <subfield code="a">xiv, 445 p. : </subfield>
      <subfield code="b">il. ; </subfield>
      <subfield code="a">xiii, 355 p. : </subfield>
      <subfield code="b">il. ; </subfield>
      <subfield code="a">197 p. : </subfield>
      <subfield code="b">cuadros, gráf. ; </subfield>
      <subfield code="a">xxxiv, 659 p. : </subfield>
      <subfield code="b">il. ; </subfield>
      <subfield code="a">xxii, 273 p. : </subfield>
      <subfield code="b">il. ; </subfield>
      <subfield code="a">xix, 476 p. : </subfield>
      <subfield code="b">il. ; </subfield>
      <subfield code="a">xx, 528 p. : </subfield>
      <subfield code="b">il. ; </subfield>
      <subfield code="a">384 p. : </subfield>
      <subfield code="b">il. ; </subfield>
      <subfield code="a">1005 p. : </subfield>
      <subfield code="a">1005 p. : </subfield>
      <subfield code="a">171 p. : </subfield>
      <subfield code="b">il. ; </subfield>
      <subfield code="a">xvi, 308 p. : </subfield>
      <subfield code="a">586 p. : </subfield>
      <subfield code="a">675 p. : </subfield>
      <subfield code="b">il. ; </subfield>
      <subfield code="a">xv, 872 p. : </subfield>
      <subfield code="b">il. ; </subfield>
      <subfield code="a">xxii, 839 p. : </subfield>
      <subfield code="b">il. ; </subfield>
      <subfield code="e">2 CD-ROM en bolsillo</subfield>
    </datafield>
    <datafield tag="500" ind1=" " ind2=" ">
      <subfield code="a">Contenido del CD-ROM: incluye ejemplos de software comercial en el área de Ciencia e Ingeniería de materiales, una abundante librería de imágenes asi como programas desarrollados y muchos experimentos de laboratorio hechos en la Universidad de California</subfield>
    </datafield>
    <datafield tag="650" ind1=" " ind2=" ">
      <subfield code="a"> TECNOLOGIA DE MATERIALES</subfield>
    </datafield>
    <datafield tag="650" ind1=" " ind2=" ">
      <subfield code="a"> MATERIAL</subfield>
    </datafield>
    <datafield tag="650" ind1=" " ind2=" ">
      <subfield code="a"> MECANICA</subfield>
    </datafield>
    <datafield tag="942" ind1=" " ind2=" ">
      <subfield code="c">BK</subfield>
    </datafield>
    <datafield tag="952" ind1=" " ind2=" ">
      <subfield code="a">BIB_RECT</subfield>
      <subfield code="b">BIB_UACO</subfield>
      <subfield code="d">2007-12-11</subfield>
      <subfield code="y">BK</subfield>
      <subfield code="p">02-34168</subfield>
      <subfield code="i">02-34168</subfield>
      <subfield code="g">89</subfield>
      <subfield code="o">620.17 S524i6</subfield>
      <subfield code="e">SIUNPA</subfield>
      <subfield code="8">CG</subfield>
    </datafield>
    <datafield tag="952" ind1=" " ind2=" ">
      <subfield code="a">BIB_RECT</subfield>
      <subfield code="b">BIB_UACO</subfield>
      <subfield code="d">2007-12-11</subfield>
      <subfield code="y">BK</subfield>
      <subfield code="p">02-34169</subfield>
      <subfield code="i">02-34169</subfield>
      <subfield code="g">89</subfield>
      <subfield code="o">620.17 S524i6</subfield>
      <subfield code="e">SIUNPA</subfield>
      <subfield code="8">CG</subfield>
    </datafield>
    <datafield tag="952" ind1=" " ind2=" ">
      <subfield code="a">BIB_RECT</subfield>
      <subfield code="b">BIB_UACO</subfield>
      <subfield code="d">2007-12-11</subfield>
      <subfield code="y">BK</subfield>
      <subfield code="p">02-34170</subfield>
      <subfield code="i">02-34170</subfield>
      <subfield code="g">89</subfield>
      <subfield code="o">620.17 S524i6</subfield>
      <subfield code="e">SIUNPA</subfield>
      <subfield code="8">CG</subfield>
    </datafield>
    <datafield tag="952" ind1=" " ind2=" ">
      <subfield code="a">BIB_RECT</subfield>
      <subfield code="b">BIB_UACO</subfield>
      <subfield code="d">2007-12-11</subfield>
      <subfield code="y">BK</subfield>
      <subfield code="p">02-34171</subfield>
      <subfield code="i">02-34171</subfield>
      <subfield code="g">89</subfield>
      <subfield code="o">620.17 S524i6</subfield>
      <subfield code="e">SIUNPA</subfield>
      <subfield code="8">CG</subfield>
    </datafield>
  </record>