
  <record>
    <leader>01000aam  22002601a 4500</leader>
    <controlfield tag="001">YPZ87410</controlfield>
    <controlfield tag="003">YPZ</controlfield>
    <controlfield tag="005">200802131545350</controlfield>
    <controlfield tag="008">080213|###########||||||b||||||||||spa|d</controlfield>
    <datafield tag="040" ind1=" " ind2=" ">
      <subfield code="c">SIUNPA</subfield>
    </datafield>
    <datafield tag="041" ind1=" " ind2=" ">
      <subfield code="a">spa</subfield>
    </datafield>
    <datafield tag="044" ind1=" " ind2=" ">
      <subfield code="a">AR</subfield>
    </datafield>
    <datafield tag="080" ind1=" " ind2=" ">
      <subfield code="a">821.134.2(82) L776l</subfield>
    </datafield>
    <datafield tag="245" ind1=" " ind2=" ">
      <subfield code="a">Literatura y folklore</subfield>
      <subfield code="c"> / Cortázar, Augusto Raúl</subfield>
    </datafield>
    <datafield tag="260" ind1=" " ind2=" ">
      <subfield code="a">Buenos Aires</subfield>
      <subfield code="b"> : Centro Editor de América Latina</subfield>
      <subfield code="c"> , 1968</subfield>
    </datafield>
    <datafield tag="440" ind1=" " ind2=" ">
      <subfield code="a">Espacio</subfield>
      <subfield code="a">Biblioteca argentina fundamental</subfield>
      <subfield code="v">57-58</subfield>
    </datafield>
    <datafield tag="490" ind1=" " ind2=" ">
      <subfield code="a">Espacio</subfield>
      <subfield code="a">Biblioteca argentina fundamental</subfield>
      <subfield code="v">57-58</subfield>
    </datafield>
    <datafield tag="505" ind1=" " ind2=" ">
      <subfield code="a">Contenido: v. 1. El folklore literario - v. 2. El folklore en la literatura</subfield>
    </datafield>
    <datafield tag="650" ind1=" " ind2=" ">
      <subfield code="a"> LITERATURA ARGENTINA</subfield>
    </datafield>
    <datafield tag="650" ind1=" " ind2=" ">
      <subfield code="a"> POESIA</subfield>
    </datafield>
    <datafield tag="650" ind1=" " ind2=" ">
      <subfield code="a"> CUENTO</subfield>
    </datafield>
    <datafield tag="650" ind1=" " ind2=" ">
      <subfield code="a"> LITERATURA FOLKLORICA</subfield>
    </datafield>
    <datafield tag="942" ind1=" " ind2=" ">
      <subfield code="c">BK</subfield>
    </datafield>
    <datafield tag="952" ind1=" " ind2=" ">
      <subfield code="a">BIB_RECT</subfield>
      <subfield code="b">BIB_UARG</subfield>
      <subfield code="d">2008-02-13</subfield>
      <subfield code="y">BK</subfield>
      <subfield code="p">05-09056</subfield>
      <subfield code="i">05-09056</subfield>
      <subfield code="g">5</subfield>
      <subfield code="o">821.134.2(82) L776l</subfield>
      <subfield code="e">Bibl.Públ.Munic</subfield>
      <subfield code="8">CG</subfield>
    </datafield>
    <datafield tag="952" ind1=" " ind2=" ">
      <subfield code="a">BIB_RECT</subfield>
      <subfield code="b">BIB_UARG</subfield>
      <subfield code="d">2008-02-13</subfield>
      <subfield code="y">BK</subfield>
      <subfield code="p">05-09057</subfield>
      <subfield code="i">05-09057</subfield>
      <subfield code="g">5</subfield>
      <subfield code="o">821.134.2(82) L776l</subfield>
      <subfield code="e">Bibl.Públ.Munic</subfield>
      <subfield code="8">CG</subfield>
    </datafield>
    <datafield tag="952" ind1=" " ind2=" ">
      <subfield code="a">BIB_RECT</subfield>
      <subfield code="b">BIB_UARG</subfield>
      <subfield code="d">2008-02-13</subfield>
      <subfield code="y">BK</subfield>
      <subfield code="p">05-09986</subfield>
      <subfield code="i">05-09986</subfield>
      <subfield code="g">5</subfield>
      <subfield code="o">821.134.2(82) L776l</subfield>
      <subfield code="e">Sara Masi</subfield>
      <subfield code="8">CG</subfield>
    </datafield>
    <datafield tag="952" ind1=" " ind2=" ">
      <subfield code="a">BIB_RECT</subfield>
      <subfield code="b">BIB_UARG</subfield>
      <subfield code="d">2008-02-13</subfield>
      <subfield code="y">BK</subfield>
      <subfield code="p">05-09996</subfield>
      <subfield code="i">05-09996</subfield>
      <subfield code="g">5</subfield>
      <subfield code="o">821.134.2(82) L776l</subfield>
      <subfield code="e">Sara Masi</subfield>
      <subfield code="8">CG</subfield>
    </datafield>
  </record>