
  <record>
    <leader>01000aam  22002601a 4500</leader>
    <controlfield tag="001">YPZ87413</controlfield>
    <controlfield tag="003">YPZ</controlfield>
    <controlfield tag="005">200802131615170</controlfield>
    <controlfield tag="008">080213|###########||||||b||||||||||spa|d</controlfield>
    <datafield tag="020" ind1=" " ind2=" ">
      <subfield code="a">9506020027</subfield>
    </datafield>
    <datafield tag="040" ind1=" " ind2=" ">
      <subfield code="c">SIUNPA</subfield>
    </datafield>
    <datafield tag="041" ind1=" " ind2=" ">
      <subfield code="a">spa</subfield>
    </datafield>
    <datafield tag="044" ind1=" " ind2=" ">
      <subfield code="a">AR</subfield>
    </datafield>
    <datafield tag="080" ind1=" " ind2=" ">
      <subfield code="a">159.9.018 S618t</subfield>
    </datafield>
    <datafield tag="100" ind1=" " ind2=" ">
      <subfield code="a">Siquier de Ocampo, María Luisa.</subfield>
    </datafield>
    <datafield tag="700" ind1=" " ind2=" ">
      <subfield code="a">García Arzeno, María Esther.</subfield>
    </datafield>
    <datafield tag="700" ind1=" " ind2=" ">
      <subfield code="a">Grassano, Elsa.</subfield>
    </datafield>
    <datafield tag="245" ind1=" " ind2=" ">
      <subfield code="a">Las técnicas proyectivas y el proceso psicodiagnóstico</subfield>
    </datafield>
    <datafield tag="260" ind1=" " ind2=" ">
      <subfield code="a">Buenos Aires</subfield>
      <subfield code="b"> : Nueva Visión</subfield>
      <subfield code="c"> , 1987</subfield>
    </datafield>
    <datafield tag="650" ind1=" " ind2=" ">
      <subfield code="a"> PSICODIAGNOSTICO</subfield>
    </datafield>
    <datafield tag="650" ind1=" " ind2=" ">
      <subfield code="a"> PSICOTERAPIA</subfield>
    </datafield>
    <datafield tag="942" ind1=" " ind2=" ">
      <subfield code="c">BK</subfield>
    </datafield>
    <datafield tag="952" ind1=" " ind2=" ">
      <subfield code="a">BIB_RECT</subfield>
      <subfield code="b">BIB_UARG</subfield>
      <subfield code="d">2008-02-13</subfield>
      <subfield code="y">BK</subfield>
      <subfield code="p">05-08000</subfield>
      <subfield code="i">05-08000</subfield>
      <subfield code="g">40</subfield>
      <subfield code="o">159.9.018 S618t</subfield>
      <subfield code="e">Acuer.073/94</subfield>
      <subfield code="8">CG</subfield>
    </datafield>
    <datafield tag="952" ind1=" " ind2=" ">
      <subfield code="a">BIB_RECT</subfield>
      <subfield code="b">BIB_UARG</subfield>
      <subfield code="d">2008-02-13</subfield>
      <subfield code="y">BK</subfield>
      <subfield code="p">05-08509</subfield>
      <subfield code="i">05-08509</subfield>
      <subfield code="g">40</subfield>
      <subfield code="o">159.9.018 S618t</subfield>
      <subfield code="e">Subsidio Nac/94</subfield>
      <subfield code="8">CG</subfield>
    </datafield>
  </record>