
  <record>
    <leader>01000aam  22002601a 4500</leader>
    <controlfield tag="001">YPZ87415</controlfield>
    <controlfield tag="003">YPZ</controlfield>
    <controlfield tag="005">200802141014370</controlfield>
    <controlfield tag="008">080214|###########||||||b||||||||||spa|d</controlfield>
    <datafield tag="020" ind1=" " ind2=" ">
      <subfield code="a">9871110340</subfield>
    </datafield>
    <datafield tag="040" ind1=" " ind2=" ">
      <subfield code="c">SIUNPA</subfield>
    </datafield>
    <datafield tag="041" ind1=" " ind2=" ">
      <subfield code="a">spa</subfield>
    </datafield>
    <datafield tag="044" ind1=" " ind2=" ">
      <subfield code="a">AR</subfield>
    </datafield>
    <datafield tag="080" ind1=" " ind2=" ">
      <subfield code="a">323.28 E649c</subfield>
    </datafield>
    <datafield tag="110" ind1=" " ind2=" ">
      <subfield code="a">Equipo Argentino de Antropología Forense (Argentina).</subfield>
    </datafield>
    <datafield tag="245" ind1=" " ind2=" ">
      <subfield code="a">Cementerio de San Vicente</subfield>
      <subfield code="b"> : informe 2003</subfield>
      <subfield code="c"> / Olmo, Darío, comp. ; Bisso, Claudia, colab. en el proyecto Córdoba ; Campos, Lorena,  colab. en el proyecto Córdoba ; Ibáñez, Alejandra, colab. en el proyecto Córdoba ; Salado Puerto, alejandro, colab. en el proyecto Córdoba</subfield>
    </datafield>
    <datafield tag="260" ind1=" " ind2=" ">
      <subfield code="a">Córdoba</subfield>
      <subfield code="b"> : Ferreyra Editor</subfield>
      <subfield code="c"> , 2005</subfield>
    </datafield>
    <datafield tag="650" ind1=" " ind2=" ">
      <subfield code="a"> MEDICINA FORENSE  TERRORISMO DE ESTADO</subfield>
    </datafield>
    <datafield tag="650" ind1=" " ind2=" ">
      <subfield code="a"> DERECHOS HUMANOS</subfield>
    </datafield>
    <datafield tag="650" ind1=" " ind2=" ">
      <subfield code="a"> CAMPOS CLANDESTINOS DE DETENCION</subfield>
    </datafield>
    <datafield tag="650" ind1=" " ind2=" ">
      <subfield code="a"> CORDOBA (ARGENTINA)</subfield>
    </datafield>
    <datafield tag="942" ind1=" " ind2=" ">
      <subfield code="c">BK</subfield>
    </datafield>
    <datafield tag="952" ind1=" " ind2=" ">
      <subfield code="a">BIB_RECT</subfield>
      <subfield code="b">BIB_UASJ</subfield>
      <subfield code="d">2007-12-11</subfield>
      <subfield code="y">BK</subfield>
      <subfield code="p">04-33732</subfield>
      <subfield code="i">04-33732</subfield>
      <subfield code="g">20</subfield>
      <subfield code="o">323.28 E649c</subfield>
      <subfield code="e">Donación</subfield>
      <subfield code="8">CG</subfield>
    </datafield>
    <datafield tag="952" ind1=" " ind2=" ">
      <subfield code="a">BIB_RECT</subfield>
      <subfield code="b">BIB_UASJ</subfield>
      <subfield code="d">2007-12-11</subfield>
      <subfield code="y">BK</subfield>
      <subfield code="p">04-33733</subfield>
      <subfield code="i">04-33733</subfield>
      <subfield code="g">20</subfield>
      <subfield code="o">323.28 E649c</subfield>
      <subfield code="e">Donación</subfield>
      <subfield code="8">CG</subfield>
    </datafield>
  </record>