
  <record>
    <leader>01000aam  22002601a 4500</leader>
    <controlfield tag="001">YPZ87428</controlfield>
    <controlfield tag="003">YPZ</controlfield>
    <controlfield tag="005">200802141644480</controlfield>
    <controlfield tag="008">080214|###########||||||b||||||||||spa|d</controlfield>
    <datafield tag="020" ind1=" " ind2=" ">
      <subfield code="a">8489660166</subfield>
    </datafield>
    <datafield tag="040" ind1=" " ind2=" ">
      <subfield code="c">SIUNPA</subfield>
    </datafield>
    <datafield tag="041" ind1=" " ind2=" ">
      <subfield code="a">spa</subfield>
    </datafield>
    <datafield tag="044" ind1=" " ind2=" ">
      <subfield code="a">ES</subfield>
    </datafield>
    <datafield tag="080" ind1=" " ind2=" ">
      <subfield code="a">572.02 E53a8</subfield>
    </datafield>
    <datafield tag="100" ind1=" " ind2=" ">
      <subfield code="a">Ember, Carol R..</subfield>
    </datafield>
    <datafield tag="700" ind1=" " ind2=" ">
      <subfield code="a">Ember, Melvin.</subfield>
    </datafield>
    <datafield tag="245" ind1=" " ind2=" ">
      <subfield code="a">Antropología cultural</subfield>
      <subfield code="b"> : octava edición</subfield>
      <subfield code="c"> / Candel, Rafael, tr. ; Cerdá, Esperanza, tr. ; Gancedo, Carlos, tr. ; García López, Miguel, tr. ; Hallbach, Ana, tr. ; Martínez Veiga, Ubaldo, rev. técnica</subfield>
    </datafield>
    <datafield tag="260" ind1=" " ind2=" ">
      <subfield code="a">Madrid</subfield>
      <subfield code="b"> : Prentice Hall</subfield>
      <subfield code="c"> , 1997</subfield>
    </datafield>
    <datafield tag="650" ind1=" " ind2=" ">
      <subfield code="a"> ANTROPOLOGIA CULTURAL</subfield>
    </datafield>
    <datafield tag="650" ind1=" " ind2=" ">
      <subfield code="a"> ETNOLOGIA</subfield>
    </datafield>
    <datafield tag="942" ind1=" " ind2=" ">
      <subfield code="c">BK</subfield>
    </datafield>
    <datafield tag="952" ind1=" " ind2=" ">
      <subfield code="a">BIB_RECT</subfield>
      <subfield code="b">BIB_UACO</subfield>
      <subfield code="d">2008-02-14</subfield>
      <subfield code="y">BK</subfield>
      <subfield code="p">02-06953</subfield>
      <subfield code="i">02-06953</subfield>
      <subfield code="g">100</subfield>
      <subfield code="o">572.02 E53a8</subfield>
      <subfield code="e">FOMEC585</subfield>
      <subfield code="8">CG</subfield>
    </datafield>
    <datafield tag="952" ind1=" " ind2=" ">
      <subfield code="a">BIB_RECT</subfield>
      <subfield code="b">BIB_UACO</subfield>
      <subfield code="d">2008-02-14</subfield>
      <subfield code="y">BK</subfield>
      <subfield code="p">02-06954</subfield>
      <subfield code="i">02-06954</subfield>
      <subfield code="g">100</subfield>
      <subfield code="o">572.02 E53a8</subfield>
      <subfield code="e">FOMEC 585</subfield>
      <subfield code="8">CG</subfield>
    </datafield>
    <datafield tag="952" ind1=" " ind2=" ">
      <subfield code="a">BIB_RECT</subfield>
      <subfield code="b">BIB_UACO</subfield>
      <subfield code="d">2008-02-14</subfield>
      <subfield code="y">BK</subfield>
      <subfield code="p">02-06955</subfield>
      <subfield code="i">02-06955</subfield>
      <subfield code="g">100</subfield>
      <subfield code="o">572.02 E53a8</subfield>
      <subfield code="e">FOMEC585</subfield>
      <subfield code="8">CG</subfield>
    </datafield>
    <datafield tag="952" ind1=" " ind2=" ">
      <subfield code="a">BIB_RECT</subfield>
      <subfield code="b">BIB_UACO</subfield>
      <subfield code="d">2008-02-14</subfield>
      <subfield code="y">BK</subfield>
      <subfield code="p">02-06956</subfield>
      <subfield code="i">02-06956</subfield>
      <subfield code="g">100</subfield>
      <subfield code="o">572.02 E53a8</subfield>
      <subfield code="e">FOMEC585</subfield>
      <subfield code="8">CG</subfield>
    </datafield>
    <datafield tag="952" ind1=" " ind2=" ">
      <subfield code="a">BIB_RECT</subfield>
      <subfield code="b">BIB_UACO</subfield>
      <subfield code="d">2008-02-14</subfield>
      <subfield code="y">BK</subfield>
      <subfield code="p">02-06957</subfield>
      <subfield code="i">02-06957</subfield>
      <subfield code="g">100</subfield>
      <subfield code="o">572.02 E53a8</subfield>
      <subfield code="e">FOMEC585</subfield>
      <subfield code="8">CG</subfield>
    </datafield>
    <datafield tag="952" ind1=" " ind2=" ">
      <subfield code="a">BIB_RECT</subfield>
      <subfield code="b">BIB_UACO</subfield>
      <subfield code="d">2008-02-14</subfield>
      <subfield code="y">BK</subfield>
      <subfield code="p">02-06958</subfield>
      <subfield code="i">02-06958</subfield>
      <subfield code="g">100</subfield>
      <subfield code="o">572.02 E53a8</subfield>
      <subfield code="e">FOMEC585</subfield>
      <subfield code="8">CG</subfield>
    </datafield>
    <datafield tag="952" ind1=" " ind2=" ">
      <subfield code="a">BIB_RECT</subfield>
      <subfield code="b">BIB_UACO</subfield>
      <subfield code="d">2008-02-14</subfield>
      <subfield code="y">BK</subfield>
      <subfield code="p">02-06959</subfield>
      <subfield code="i">02-06959</subfield>
      <subfield code="g">100</subfield>
      <subfield code="o">572.02 E53a8</subfield>
      <subfield code="e">FOMEC585</subfield>
      <subfield code="8">CG</subfield>
    </datafield>
    <datafield tag="952" ind1=" " ind2=" ">
      <subfield code="a">BIB_RECT</subfield>
      <subfield code="b">BIB_UACO</subfield>
      <subfield code="d">2008-02-14</subfield>
      <subfield code="y">BK</subfield>
      <subfield code="p">02-06960</subfield>
      <subfield code="i">02-06960</subfield>
      <subfield code="g">100</subfield>
      <subfield code="o">572.02 E53a8</subfield>
      <subfield code="e">FOMEC585</subfield>
      <subfield code="8">CG</subfield>
    </datafield>
    <datafield tag="952" ind1=" " ind2=" ">
      <subfield code="a">BIB_RECT</subfield>
      <subfield code="b">BIB_UACO</subfield>
      <subfield code="d">2008-02-14</subfield>
      <subfield code="y">BK</subfield>
      <subfield code="p">02-06961</subfield>
      <subfield code="i">02-06961</subfield>
      <subfield code="g">100</subfield>
      <subfield code="o">572.02 E53a8</subfield>
      <subfield code="e">FOMEC585</subfield>
      <subfield code="8">CG</subfield>
    </datafield>
    <datafield tag="952" ind1=" " ind2=" ">
      <subfield code="a">BIB_RECT</subfield>
      <subfield code="b">BIB_UACO</subfield>
      <subfield code="d">2008-02-14</subfield>
      <subfield code="y">BK</subfield>
      <subfield code="p">02-06962</subfield>
      <subfield code="i">02-06962</subfield>
      <subfield code="g">100</subfield>
      <subfield code="o">572.02 E53a8</subfield>
      <subfield code="e">FOMEC585</subfield>
      <subfield code="8">CG</subfield>
    </datafield>
  </record>