
  <record>
    <leader>01000aam  22002601a 4500</leader>
    <controlfield tag="001">YPZ87466</controlfield>
    <controlfield tag="003">YPZ</controlfield>
    <controlfield tag="005">200802181314050</controlfield>
    <controlfield tag="008">080218|###########||||||b||||||||||spa|d</controlfield>
    <datafield tag="020" ind1=" " ind2=" ">
      <subfield code="a">0521830052</subfield>
    </datafield>
    <datafield tag="040" ind1=" " ind2=" ">
      <subfield code="c">SIUNPA</subfield>
    </datafield>
    <datafield tag="041" ind1=" " ind2=" ">
      <subfield code="a">eng</subfield>
    </datafield>
    <datafield tag="044" ind1=" " ind2=" ">
      <subfield code="a">UK</subfield>
    </datafield>
    <datafield tag="080" ind1=" " ind2=" ">
      <subfield code="a">591.52 L322l</subfield>
    </datafield>
    <datafield tag="245" ind1=" " ind2=" ">
      <subfield code="a">Large herbivore ecology, ecosystem dynamics, and conservation</subfield>
      <subfield code="c"> / Danell, Kjell, ed. ; Duncan, Patrick, ed. ; Bergström, Roger, ed. ; Pastor, John, ed.</subfield>
    </datafield>
    <datafield tag="260" ind1=" " ind2=" ">
      <subfield code="a">Cambridge</subfield>
      <subfield code="b"> : Cambridge University Press</subfield>
      <subfield code="c"> , 2006</subfield>
    </datafield>
    <datafield tag="440" ind1=" " ind2=" ">
      <subfield code="a">The Morgan Kaufmann series in data management systems</subfield>
      <subfield code="a">The Addison-Wesley object technology series</subfield>
      <subfield code="a">Biblioteca de psicología y psicoanálisis</subfield>
      <subfield code="a">The agile software development series</subfield>
      <subfield code="a">A series of monographs and treatises</subfield>
      <subfield code="a">Conservation biology series</subfield>
      <subfield code="v">11</subfield>
    </datafield>
    <datafield tag="490" ind1=" " ind2=" ">
      <subfield code="a">The Morgan Kaufmann series in data management systems</subfield>
      <subfield code="a">The Addison-Wesley object technology series</subfield>
      <subfield code="a">Biblioteca de psicología y psicoanálisis</subfield>
      <subfield code="a">The agile software development series</subfield>
      <subfield code="a">A series of monographs and treatises</subfield>
      <subfield code="a">Conservation biology series</subfield>
      <subfield code="v">11</subfield>
    </datafield>
    <datafield tag="650" ind1=" " ind2=" ">
      <subfield code="a"> ECOLOGIA ANIMAL</subfield>
    </datafield>
    <datafield tag="650" ind1=" " ind2=" ">
      <subfield code="a"> HABITAT</subfield>
    </datafield>
    <datafield tag="650" ind1=" " ind2=" ">
      <subfield code="a"> HERBIVOROS</subfield>
    </datafield>
    <datafield tag="650" ind1=" " ind2=" ">
      <subfield code="a"> CONSERVACION DE LA FAUNA</subfield>
    </datafield>
    <datafield tag="942" ind1=" " ind2=" ">
      <subfield code="c">BK</subfield>
    </datafield>
    <datafield tag="952" ind1=" " ind2=" ">
      <subfield code="a">BIB_RECT</subfield>
      <subfield code="b">SAT_PDES</subfield>
      <subfield code="d">2008-02-12</subfield>
      <subfield code="y">BK</subfield>
      <subfield code="p">16-34228</subfield>
      <subfield code="i">16-34228</subfield>
      <subfield code="g">425</subfield>
      <subfield code="o">591.52 L322l</subfield>
      <subfield code="e">SIUNPA</subfield>
      <subfield code="8">CG</subfield>
    </datafield>
  </record>