
  <record>
    <leader>01000aam  22002601a 4500</leader>
    <controlfield tag="001">YPZ87472</controlfield>
    <controlfield tag="003">YPZ</controlfield>
    <controlfield tag="005">200802181537260</controlfield>
    <controlfield tag="008">080218|###########||||||b||||||||||spa|d</controlfield>
    <datafield tag="040" ind1=" " ind2=" ">
      <subfield code="c">SIUNPA</subfield>
    </datafield>
    <datafield tag="041" ind1=" " ind2=" ">
      <subfield code="a">spa</subfield>
    </datafield>
    <datafield tag="044" ind1=" " ind2=" ">
      <subfield code="a">CO</subfield>
    </datafield>
    <datafield tag="080" ind1=" " ind2=" ">
      <subfield code="a">54 M214q2</subfield>
    </datafield>
    <datafield tag="100" ind1=" " ind2=" ">
      <subfield code="a">Mahan, Bruce M..</subfield>
    </datafield>
    <datafield tag="245" ind1=" " ind2=" ">
      <subfield code="a">Química</subfield>
      <subfield code="b"> : curso universitario</subfield>
      <subfield code="c"> / Yong de Banchero, Gladys, versión en  español ; Pozzi-Escot de Herold, Lucía, versión en español ; Danon, Fortunato, versión en español</subfield>
    </datafield>
    <datafield tag="250" ind1=" " ind2=" ">
      <subfield code="a">2a ed.</subfield>
    </datafield>
    <datafield tag="260" ind1=" " ind2=" ">
      <subfield code="a">Bogotá</subfield>
      <subfield code="b"> : Fondo Educativo Interamericano</subfield>
      <subfield code="c"> , 1977</subfield>
    </datafield>
    <datafield tag="650" ind1=" " ind2=" ">
      <subfield code="a"> QUIMICA</subfield>
    </datafield>
    <datafield tag="942" ind1=" " ind2=" ">
      <subfield code="c">BK</subfield>
    </datafield>
    <datafield tag="952" ind1=" " ind2=" ">
      <subfield code="a">BIB_RECT</subfield>
      <subfield code="b">BIB_UACO</subfield>
      <subfield code="d">2008-02-18</subfield>
      <subfield code="y">BK</subfield>
      <subfield code="p">02-00186</subfield>
      <subfield code="i">02-00186</subfield>
      <subfield code="g">48</subfield>
      <subfield code="o">54 M214q2</subfield>
      <subfield code="e">UACO</subfield>
      <subfield code="8">CG</subfield>
    </datafield>
  </record>