
  <record>
    <leader>01000aam  22002601a 4500</leader>
    <controlfield tag="001">YPZ87480</controlfield>
    <controlfield tag="003">YPZ</controlfield>
    <controlfield tag="005">200802190951380</controlfield>
    <controlfield tag="008">080219|###########||||||b||||||||||spa|d</controlfield>
    <datafield tag="020" ind1=" " ind2=" ">
      <subfield code="a">9501255034</subfield>
    </datafield>
    <datafield tag="040" ind1=" " ind2=" ">
      <subfield code="c">SIUNPA</subfield>
    </datafield>
    <datafield tag="041" ind1=" " ind2=" ">
      <subfield code="a">spa</subfield>
    </datafield>
    <datafield tag="044" ind1=" " ind2=" ">
      <subfield code="a">AR</subfield>
    </datafield>
    <datafield tag="080" ind1=" " ind2=" ">
      <subfield code="a">37 T693i</subfield>
    </datafield>
    <datafield tag="100" ind1=" " ind2=" ">
      <subfield code="a">Torres, Rosa María.</subfield>
    </datafield>
    <datafield tag="245" ind1=" " ind2=" ">
      <subfield code="a">Itinerarios por la educación latinoamericana</subfield>
      <subfield code="b"> : cuaderno de viajes</subfield>
    </datafield>
    <datafield tag="250" ind1=" " ind2=" ">
      <subfield code="a">1a ed.</subfield>
    </datafield>
    <datafield tag="260" ind1=" " ind2=" ">
      <subfield code="a">Buenos Aires</subfield>
      <subfield code="b"> : Paidós</subfield>
      <subfield code="b"> : Convenio Andrés Bello</subfield>
      <subfield code="c"> , 2000</subfield>
    </datafield>
    <datafield tag="440" ind1=" " ind2=" ">
      <subfield code="a">Colección ciencia y técnica</subfield>
      <subfield code="a">Colección universitaria</subfield>
      <subfield code="a">Addison-Wesley professional computing series</subfield>
      <subfield code="a">Redes en Educación</subfield>
      <subfield code="v">3</subfield>
    </datafield>
    <datafield tag="490" ind1=" " ind2=" ">
      <subfield code="a">Colección ciencia y técnica</subfield>
      <subfield code="a">Colección universitaria</subfield>
      <subfield code="a">Addison-Wesley professional computing series</subfield>
      <subfield code="a">Redes en Educación</subfield>
      <subfield code="v">3</subfield>
    </datafield>
    <datafield tag="650" ind1=" " ind2=" ">
      <subfield code="a"> EDUCACION</subfield>
    </datafield>
    <datafield tag="650" ind1=" " ind2=" ">
      <subfield code="a"> AMERICA LATINA</subfield>
    </datafield>
    <datafield tag="650" ind1=" " ind2=" ">
      <subfield code="a"> AMERICA CENTRAL</subfield>
    </datafield>
    <datafield tag="942" ind1=" " ind2=" ">
      <subfield code="c">BK</subfield>
    </datafield>
    <datafield tag="952" ind1=" " ind2=" ">
      <subfield code="a">BIB_RECT</subfield>
      <subfield code="b">BIB_UACO</subfield>
      <subfield code="d">2008-02-18</subfield>
      <subfield code="y">BK</subfield>
      <subfield code="p">02-06730</subfield>
      <subfield code="i">02-06730</subfield>
      <subfield code="g">19</subfield>
      <subfield code="o">37 T693i</subfield>
      <subfield code="e">FOMEC585</subfield>
      <subfield code="8">CG</subfield>
    </datafield>
    <datafield tag="952" ind1=" " ind2=" ">
      <subfield code="a">BIB_RECT</subfield>
      <subfield code="b">BIB_UACO</subfield>
      <subfield code="d">2008-02-18</subfield>
      <subfield code="y">BK</subfield>
      <subfield code="p">02-06731</subfield>
      <subfield code="i">02-06731</subfield>
      <subfield code="g">19</subfield>
      <subfield code="o">37 T693i</subfield>
      <subfield code="e">FOMEC585</subfield>
      <subfield code="8">CG</subfield>
    </datafield>
    <datafield tag="952" ind1=" " ind2=" ">
      <subfield code="a">BIB_RECT</subfield>
      <subfield code="b">BIB_UACO</subfield>
      <subfield code="d">2008-02-18</subfield>
      <subfield code="y">BK</subfield>
      <subfield code="p">02-06732</subfield>
      <subfield code="i">02-06732</subfield>
      <subfield code="g">19</subfield>
      <subfield code="o">37 T693i</subfield>
      <subfield code="e">FOMEC585</subfield>
      <subfield code="8">CG</subfield>
    </datafield>
    <datafield tag="952" ind1=" " ind2=" ">
      <subfield code="a">BIB_RECT</subfield>
      <subfield code="b">BIB_UART</subfield>
      <subfield code="d">2008-02-18</subfield>
      <subfield code="y">BK</subfield>
      <subfield code="p">03-01411</subfield>
      <subfield code="i">03-01411</subfield>
      <subfield code="g">19</subfield>
      <subfield code="o">37 T693i</subfield>
      <subfield code="e">SIUNPA</subfield>
      <subfield code="8">CG</subfield>
    </datafield>
  </record>