
  <record>
    <leader>01000aam  22002601a 4500</leader>
    <controlfield tag="001">YPZ87502</controlfield>
    <controlfield tag="003">YPZ</controlfield>
    <controlfield tag="005">200802191618280</controlfield>
    <controlfield tag="008">080219|###########||||||b||||||||||spa|d</controlfield>
    <datafield tag="020" ind1=" " ind2=" ">
      <subfield code="a">0321042891</subfield>
    </datafield>
    <datafield tag="020" ind1=" " ind2=" ">
      <subfield code="a">0321068831 (supl.)</subfield>
    </datafield>
    <datafield tag="020" ind1=" " ind2=" ">
      <subfield code="a">0321068858 (CDROM)</subfield>
    </datafield>
    <datafield tag="040" ind1=" " ind2=" ">
      <subfield code="c">SIUNPA</subfield>
    </datafield>
    <datafield tag="041" ind1=" " ind2=" ">
      <subfield code="a">eng</subfield>
    </datafield>
    <datafield tag="044" ind1=" " ind2=" ">
      <subfield code="a">US</subfield>
    </datafield>
    <datafield tag="080" ind1=" " ind2=" ">
      <subfield code="a">574 K921ec5</subfield>
    </datafield>
    <datafield tag="100" ind1=" " ind2=" ">
      <subfield code="a">Krebs, Charles J..</subfield>
    </datafield>
    <datafield tag="245" ind1=" " ind2=" ">
      <subfield code="a">Ecology</subfield>
      <subfield code="b"> : the experimental analysis of distribution and abundance</subfield>
    </datafield>
    <datafield tag="250" ind1=" " ind2=" ">
      <subfield code="a">5th ed.</subfield>
    </datafield>
    <datafield tag="260" ind1=" " ind2=" ">
      <subfield code="a">San Francisco, Calif.</subfield>
      <subfield code="b"> : Benjamin Cummings, ed.</subfield>
      <subfield code="c"> , 2001</subfield>
    </datafield>
    <datafield tag="300" ind1=" " ind2=" ">
      <subfield code="a">xii, 196 p. : </subfield>
      <subfield code="b">il. ; </subfield>
      <subfield code="a">2 v. : </subfield>
      <subfield code="a">208  p. : </subfield>
      <subfield code="a">94  p. : </subfield>
      <subfield code="a">531 p. : </subfield>
      <subfield code="a">xxiii, 785 p. : </subfield>
      <subfield code="a">109 p. : </subfield>
      <subfield code="b">il. ; </subfield>
      <subfield code="a">245 p. : </subfield>
      <subfield code="b">il. ; </subfield>
      <subfield code="a">155  p. : </subfield>
      <subfield code="b">il. ; </subfield>
      <subfield code="a">164  p. (1 h. pleg.) : </subfield>
      <subfield code="b">il. ; </subfield>
      <subfield code="a">40  p. : </subfield>
      <subfield code="b">il. ; </subfield>
      <subfield code="a">42 p. : </subfield>
      <subfield code="b">il. ; </subfield>
      <subfield code="a">117 p. : </subfield>
      <subfield code="a">109  p. : </subfield>
      <subfield code="b">il. ; </subfield>
      <subfield code="a">285 p. : </subfield>
      <subfield code="a">xvi, 419 p. : </subfield>
      <subfield code="b">il. ; </subfield>
      <subfield code="a">xviii, 275 p. : </subfield>
      <subfield code="b">il. ; </subfield>
      <subfield code="a">xiv, 393 p. : </subfield>
      <subfield code="b">il. ; </subfield>
      <subfield code="a">xxii, 491 p. : </subfield>
      <subfield code="b">il. ; </subfield>
      <subfield code="a">xxvi, 464 p. : </subfield>
      <subfield code="b">il. ; </subfield>
      <subfield code="a">324 p. : </subfield>
      <subfield code="b">il. ; </subfield>
      <subfield code="a">xiv, 327 p. : </subfield>
      <subfield code="b">il. ; </subfield>
      <subfield code="a">xix, 273 p. : </subfield>
      <subfield code="b">il. ; </subfield>
      <subfield code="a">269 p. : </subfield>
      <subfield code="b">il. ; </subfield>
      <subfield code="a">xv, 234 p. : </subfield>
      <subfield code="b">il. ; </subfield>
      <subfield code="a">203 p. : </subfield>
      <subfield code="a">99 p. : </subfield>
      <subfield code="b">il. ; </subfield>
      <subfield code="a">xvii, 442 p. : </subfield>
      <subfield code="b">il. ; </subfield>
      <subfield code="a">xviii, 565 p. : </subfield>
      <subfield code="b">il. ; </subfield>
      <subfield code="a">xxvii, 531 p. : </subfield>
      <subfield code="b">il. ; </subfield>
      <subfield code="a">xx, 218 p. : </subfield>
      <subfield code="b">il. ; </subfield>
      <subfield code="a">xxiv, 506 p. : </subfield>
      <subfield code="b">il. ; </subfield>
      <subfield code="a">xiv, 310 p. : </subfield>
      <subfield code="b">il. ; </subfield>
      <subfield code="a">xiv, 342 p. : </subfield>
      <subfield code="b">il. ; </subfield>
      <subfield code="a">xvi, 529 p. : </subfield>
      <subfield code="b">il. ; </subfield>
      <subfield code="a">xiii, 352 p. : </subfield>
      <subfield code="b">il. ; </subfield>
      <subfield code="a">xx, 212 p. : </subfield>
      <subfield code="b">il. ; </subfield>
      <subfield code="a">311 p. : </subfield>
      <subfield code="b">gráf. ; </subfield>
      <subfield code="a">xi, 287 p. : </subfield>
      <subfield code="b">il. ; </subfield>
      <subfield code="a">561 p. : </subfield>
      <subfield code="a">606 p. : </subfield>
      <subfield code="a">xvi, 506 p. : </subfield>
      <subfield code="b">il. ; </subfield>
      <subfield code="a">235 p. : </subfield>
      <subfield code="a">535 p. : </subfield>
      <subfield code="b">il. ; </subfield>
      <subfield code="a">xii, 385 p. : </subfield>
      <subfield code="b">il. ; </subfield>
      <subfield code="a">xiii, 574 p. : </subfield>
      <subfield code="b">il. ; </subfield>
      <subfield code="a">v. : </subfield>
      <subfield code="a">xi, 813 p. : </subfield>
      <subfield code="b">il. ; </subfield>
      <subfield code="a">v. : </subfield>
      <subfield code="b">il. ; </subfield>
      <subfield code="a">xvi, 867 p. : </subfield>
      <subfield code="b">il. ; </subfield>
      <subfield code="a">xii, 659 p. : </subfield>
      <subfield code="b">il. ; </subfield>
      <subfield code="a">xii, 476 p. : </subfield>
      <subfield code="b">il. ; </subfield>
      <subfield code="a">xii, 407 p. : </subfield>
      <subfield code="b">il. ; </subfield>
      <subfield code="a">viii, 141 p. : </subfield>
      <subfield code="a">viii, 141 p. : </subfield>
      <subfield code="a">366 p. : </subfield>
      <subfield code="a">197 p. : </subfield>
      <subfield code="a">151 p. : </subfield>
      <subfield code="b">cuadros, gráf. ; </subfield>
      <subfield code="a">177 p. : </subfield>
      <subfield code="a">310 p. : </subfield>
      <subfield code="a">202 p. : </subfield>
      <subfield code="a">264 p. : </subfield>
      <subfield code="b">il. ; </subfield>
      <subfield code="a">288 p. : </subfield>
      <subfield code="a">139 p. : </subfield>
      <subfield code="a">139 p. : </subfield>
      <subfield code="a">154 p. : </subfield>
      <subfield code="a">86  p. : </subfield>
      <subfield code="b">il. ; </subfield>
      <subfield code="a">333 p. : </subfield>
      <subfield code="b">il. ; </subfield>
      <subfield code="a">294 p. : </subfield>
      <subfield code="b">il. ; </subfield>
      <subfield code="a">211 p. : </subfield>
      <subfield code="b">il. ; </subfield>
      <subfield code="a">xx, 581 p. : </subfield>
      <subfield code="b">il. ; </subfield>
      <subfield code="a">288 p. : </subfield>
      <subfield code="b">il. ; </subfield>
      <subfield code="a">x, 502 p. : </subfield>
      <subfield code="b">il. ; </subfield>
      <subfield code="a">xx,1563 p. : </subfield>
      <subfield code="b">il. ; </subfield>
      <subfield code="a">xix, 532 p. : </subfield>
      <subfield code="b">il. ; </subfield>
      <subfield code="a">v. : </subfield>
      <subfield code="a">511 p. : </subfield>
      <subfield code="b">il. ; </subfield>
      <subfield code="a">xx, 695 p. : </subfield>
      <subfield code="b">il. ; </subfield>
      <subfield code="e">1 supl. (vii, 68 p.) + 1 CD-ROM en bolsillo</subfield>
    </datafield>
    <datafield tag="505" ind1=" " ind2=" ">
      <subfield code="a">Título del supl.: The ecology action guide / Graham C. Hickman ; Susan M. Hickman</subfield>
    </datafield>
    <datafield tag="505" ind1=" " ind2=" ">
      <subfield code="a">Contenido del CD-ROM: The ecology place</subfield>
    </datafield>
    <datafield tag="650" ind1=" " ind2=" ">
      <subfield code="a"> ECOLOGIA</subfield>
    </datafield>
    <datafield tag="650" ind1=" " ind2=" ">
      <subfield code="a"> ECOLOGIA HUMANA</subfield>
    </datafield>
    <datafield tag="650" ind1=" " ind2=" ">
      <subfield code="a"> ECOSISTEMA</subfield>
    </datafield>
    <datafield tag="942" ind1=" " ind2=" ">
      <subfield code="c">BK</subfield>
    </datafield>
    <datafield tag="952" ind1=" " ind2=" ">
      <subfield code="a">BIB_RECT</subfield>
      <subfield code="b">BIB_UARG</subfield>
      <subfield code="d">2008-02-11</subfield>
      <subfield code="y">BK</subfield>
      <subfield code="p">05-34223</subfield>
      <subfield code="i">05-34223</subfield>
      <subfield code="g">399</subfield>
      <subfield code="o">574 K921ec5</subfield>
      <subfield code="e">SIUNPA</subfield>
      <subfield code="8">CG</subfield>
    </datafield>
    <datafield tag="952" ind1=" " ind2=" ">
      <subfield code="a">BIB_RECT</subfield>
      <subfield code="b">BIB_UARG</subfield>
      <subfield code="d">2008-02-11</subfield>
      <subfield code="y">BK</subfield>
      <subfield code="p">05-34224</subfield>
      <subfield code="i">05-34224</subfield>
      <subfield code="g">0</subfield>
      <subfield code="o">574 K921ec5</subfield>
      <subfield code="e">SIUNPA</subfield>
      <subfield code="8">CG</subfield>
    </datafield>
  </record>