
  <record>
    <leader>01000aam  22002601a 4500</leader>
    <controlfield tag="001">YPZ87515</controlfield>
    <controlfield tag="003">YPZ</controlfield>
    <controlfield tag="005">200802201120420</controlfield>
    <controlfield tag="008">080220|###########||||||b||||||||||spa|d</controlfield>
    <datafield tag="040" ind1=" " ind2=" ">
      <subfield code="c">SIUNPA</subfield>
    </datafield>
    <datafield tag="041" ind1=" " ind2=" ">
      <subfield code="a">spa</subfield>
    </datafield>
    <datafield tag="044" ind1=" " ind2=" ">
      <subfield code="a">AR</subfield>
    </datafield>
    <datafield tag="080" ind1=" " ind2=" ">
      <subfield code="a">373.3 C236c</subfield>
    </datafield>
    <datafield tag="110" ind1=" " ind2=" ">
      <subfield code="a">Santa Cruz. Consejo Provincial de Educación.</subfield>
    </datafield>
    <datafield tag="245" ind1=" " ind2=" ">
      <subfield code="a">Capacitación docente para la reconversión</subfield>
      <subfield code="b"> : aplicación de la Ley federal de educación en la provincia de Santa Cruz</subfield>
    </datafield>
    <datafield tag="260" ind1=" " ind2=" ">
      <subfield code="a">[Río Gallegos]</subfield>
      <subfield code="b"> : Consejo Provincial de Educación</subfield>
      <subfield code="c"> , 1995</subfield>
    </datafield>
    <datafield tag="440" ind1=" " ind2=" ">
      <subfield code="a">Biblioteca estado y sociedad</subfield>
      <subfield code="a">Historia argentina</subfield>
      <subfield code="a">Serie McGraw-Hill de management</subfield>
      <subfield code="a">Colección biblioteca de Educación</subfield>
      <subfield code="a">Biblioteca de Ciencias Económicas. Dirección de empresas</subfield>
      <subfield code="a">Sociología y política</subfield>
      <subfield code="a">Enseñanza general básica. Documento</subfield>
      <subfield code="v">2</subfield>
    </datafield>
    <datafield tag="490" ind1=" " ind2=" ">
      <subfield code="a">Biblioteca estado y sociedad</subfield>
      <subfield code="a">Historia argentina</subfield>
      <subfield code="a">Serie McGraw-Hill de management</subfield>
      <subfield code="a">Colección biblioteca de Educación</subfield>
      <subfield code="a">Biblioteca de Ciencias Económicas. Dirección de empresas</subfield>
      <subfield code="a">Sociología y política</subfield>
      <subfield code="a">Enseñanza general básica. Documento</subfield>
      <subfield code="v">2</subfield>
    </datafield>
    <datafield tag="650" ind1=" " ind2=" ">
      <subfield code="a"> FORMACION DE DOCENTES</subfield>
    </datafield>
    <datafield tag="650" ind1=" " ind2=" ">
      <subfield code="a"> REFORMA DE LA EDUCACION</subfield>
    </datafield>
    <datafield tag="650" ind1=" " ind2=" ">
      <subfield code="a"> SANTA CRUZ (ARGENTINA)</subfield>
    </datafield>
    <datafield tag="650" ind1=" " ind2=" ">
      <subfield code="a"> EGB</subfield>
    </datafield>
    <datafield tag="650" ind1=" " ind2=" ">
      <subfield code="a"> CURRICULUM ESCOLAR</subfield>
    </datafield>
    <datafield tag="942" ind1=" " ind2=" ">
      <subfield code="c">BK</subfield>
    </datafield>
    <datafield tag="952" ind1=" " ind2=" ">
      <subfield code="a">BIB_RECT</subfield>
      <subfield code="b">BIB_UACO</subfield>
      <subfield code="d">2008-02-18</subfield>
      <subfield code="y">BK</subfield>
      <subfield code="p">02-02065</subfield>
      <subfield code="i">02-02065</subfield>
      <subfield code="g">32</subfield>
      <subfield code="o">373.3 C236c</subfield>
      <subfield code="e">Rectorado</subfield>
      <subfield code="8">CG</subfield>
    </datafield>
    <datafield tag="952" ind1=" " ind2=" ">
      <subfield code="a">BIB_RECT</subfield>
      <subfield code="b">BIB_UARG</subfield>
      <subfield code="d">2006-08-28</subfield>
      <subfield code="y">BK</subfield>
      <subfield code="p">05-09431</subfield>
      <subfield code="i">05-09431</subfield>
      <subfield code="g">32</subfield>
      <subfield code="o">373.3 C236c</subfield>
      <subfield code="e">Rectorado</subfield>
      <subfield code="8">CG</subfield>
    </datafield>
  </record>