
  <record>
    <leader>01000aam  22002601a 4500</leader>
    <controlfield tag="001">YPZ87525</controlfield>
    <controlfield tag="003">YPZ</controlfield>
    <controlfield tag="005">200802211217200</controlfield>
    <controlfield tag="008">080221|###########||||||b||||||||||spa|d</controlfield>
    <datafield tag="020" ind1=" " ind2=" ">
      <subfield code="a">9275710449</subfield>
    </datafield>
    <datafield tag="040" ind1=" " ind2=" ">
      <subfield code="c">SIUNPA</subfield>
    </datafield>
    <datafield tag="041" ind1=" " ind2=" ">
      <subfield code="a">spa</subfield>
    </datafield>
    <datafield tag="044" ind1=" " ind2=" ">
      <subfield code="a">US</subfield>
    </datafield>
    <datafield tag="080" ind1=" " ind2=" ">
      <subfield code="a">613.95 M294m2</subfield>
    </datafield>
    <datafield tag="100" ind1=" " ind2=" ">
      <subfield code="a">Cusminsky, Marcos.</subfield>
    </datafield>
    <datafield tag="700" ind1=" " ind2=" ">
      <subfield code="a">Lejarraga, Horacio.</subfield>
    </datafield>
    <datafield tag="700" ind1=" " ind2=" ">
      <subfield code="a">Mercer, Raul.</subfield>
    </datafield>
    <datafield tag="700" ind1=" " ind2=" ">
      <subfield code="a">Martell, Miguel.</subfield>
    </datafield>
    <datafield tag="700" ind1=" " ind2=" ">
      <subfield code="a">Fescina, Ricardo.</subfield>
    </datafield>
    <datafield tag="245" ind1=" " ind2=" ">
      <subfield code="a">Manual de crecimiento y desarrollo del niño</subfield>
    </datafield>
    <datafield tag="250" ind1=" " ind2=" ">
      <subfield code="a">2a ed.</subfield>
    </datafield>
    <datafield tag="260" ind1=" " ind2=" ">
      <subfield code="a">Washington, D.C.</subfield>
      <subfield code="b"> : Organización Panamericana de la Salud</subfield>
      <subfield code="c"> , 1994</subfield>
    </datafield>
    <datafield tag="440" ind1=" " ind2=" ">
      <subfield code="a">Jugando en salud</subfield>
      <subfield code="a">Serie PALTEX para ejecutores de programas de salud</subfield>
      <subfield code="v">33</subfield>
    </datafield>
    <datafield tag="490" ind1=" " ind2=" ">
      <subfield code="a">Jugando en salud</subfield>
      <subfield code="a">Serie PALTEX para ejecutores de programas de salud</subfield>
      <subfield code="v">33</subfield>
    </datafield>
    <datafield tag="650" ind1=" " ind2=" ">
      <subfield code="a"> PEDIATRIA</subfield>
    </datafield>
    <datafield tag="650" ind1=" " ind2=" ">
      <subfield code="a"> RECIEN NACIDO</subfield>
    </datafield>
    <datafield tag="650" ind1=" " ind2=" ">
      <subfield code="a"> DESARROLLO INFANTIL</subfield>
    </datafield>
    <datafield tag="650" ind1=" " ind2=" ">
      <subfield code="a"> NIÑO</subfield>
    </datafield>
    <datafield tag="650" ind1=" " ind2=" ">
      <subfield code="a"> SALUD MATERNOINFANTIL</subfield>
    </datafield>
    <datafield tag="942" ind1=" " ind2=" ">
      <subfield code="c">BK</subfield>
    </datafield>
    <datafield tag="952" ind1=" " ind2=" ">
      <subfield code="a">BIB_RECT</subfield>
      <subfield code="b">BIB_UART</subfield>
      <subfield code="d">2008-02-21</subfield>
      <subfield code="y">BK</subfield>
      <subfield code="p">03-01287</subfield>
      <subfield code="i">03-01287</subfield>
      <subfield code="g">25</subfield>
      <subfield code="o">613.95 M294m2</subfield>
      <subfield code="e">Migración UART</subfield>
      <subfield code="8">CG</subfield>
    </datafield>
    <datafield tag="952" ind1=" " ind2=" ">
      <subfield code="a">BIB_RECT</subfield>
      <subfield code="b">BIB_UART</subfield>
      <subfield code="d">2008-02-21</subfield>
      <subfield code="y">BK</subfield>
      <subfield code="p">03-01556</subfield>
      <subfield code="i">03-01556</subfield>
      <subfield code="g">25</subfield>
      <subfield code="o">613.95 M294m2</subfield>
      <subfield code="e">Migración UART</subfield>
      <subfield code="8">CG</subfield>
    </datafield>
    <datafield tag="952" ind1=" " ind2=" ">
      <subfield code="a">BIB_RECT</subfield>
      <subfield code="b">BIB_UARG</subfield>
      <subfield code="d">2008-02-21</subfield>
      <subfield code="y">BK</subfield>
      <subfield code="p">05-09583</subfield>
      <subfield code="i">05-09583</subfield>
      <subfield code="g">25</subfield>
      <subfield code="o">613.95 M294m2</subfield>
      <subfield code="e">OPS</subfield>
      <subfield code="8">CG</subfield>
    </datafield>
    <datafield tag="952" ind1=" " ind2=" ">
      <subfield code="a">BIB_RECT</subfield>
      <subfield code="b">BIB_UARG</subfield>
      <subfield code="d">2008-02-21</subfield>
      <subfield code="y">BK</subfield>
      <subfield code="p">05-15232</subfield>
      <subfield code="i">05-15232</subfield>
      <subfield code="g">25</subfield>
      <subfield code="o">613.95 M294m2</subfield>
      <subfield code="e">SIUNPA01</subfield>
      <subfield code="8">CG</subfield>
    </datafield>
  </record>