
  <record>
    <leader>01000aam  22002601a 4500</leader>
    <controlfield tag="001">YPZ87555</controlfield>
    <controlfield tag="003">YPZ</controlfield>
    <controlfield tag="005">200802251225100</controlfield>
    <controlfield tag="008">080225|###########||||||b||||||||||spa|d</controlfield>
    <datafield tag="020" ind1=" " ind2=" ">
      <subfield code="a">9871242107</subfield>
    </datafield>
    <datafield tag="040" ind1=" " ind2=" ">
      <subfield code="c">SIUNPA</subfield>
    </datafield>
    <datafield tag="041" ind1=" " ind2=" ">
      <subfield code="a">spa</subfield>
    </datafield>
    <datafield tag="044" ind1=" " ind2=" ">
      <subfield code="a">AR</subfield>
    </datafield>
    <datafield tag="080" ind1=" " ind2=" ">
      <subfield code="a">911.2 J828n 6</subfield>
    </datafield>
    <datafield tag="110" ind1=" " ind2=" ">
      <subfield code="a">Jornadas Nacionales de Geografía Física (6 : 2006 : Río Gallegos).</subfield>
    </datafield>
    <datafield tag="710" ind1=" " ind2=" ">
      <subfield code="a">UNPA. Unidad Académica Río Gallegos, org..</subfield>
    </datafield>
    <datafield tag="245" ind1=" " ind2=" ">
      <subfield code="a">Actas de las VI Jornadas nacionales de Geografía física</subfield>
      <subfield code="c"> / Mazzoni, Elizabeth, ed. ; Vázquez, Mirian, ed.</subfield>
    </datafield>
    <datafield tag="260" ind1=" " ind2=" ">
      <subfield code="a">Río Gallegos</subfield>
      <subfield code="b"> : UNPA, Unidad Académica Río Gallegos</subfield>
      <subfield code="c"> , 2006</subfield>
    </datafield>
    <datafield tag="650" ind1=" " ind2=" ">
      <subfield code="a"> GEOGRAFIA FISICA</subfield>
    </datafield>
    <datafield tag="650" ind1=" " ind2=" ">
      <subfield code="a"> ARGENTINA</subfield>
    </datafield>
    <datafield tag="942" ind1=" " ind2=" ">
      <subfield code="c">BK</subfield>
    </datafield>
    <datafield tag="952" ind1=" " ind2=" ">
      <subfield code="a">BIB_RECT</subfield>
      <subfield code="b">BIB_UACO</subfield>
      <subfield code="d">2008-03-07</subfield>
      <subfield code="y">BK</subfield>
      <subfield code="p">02-34545</subfield>
      <subfield code="i">02-34545</subfield>
      <subfield code="g">50</subfield>
      <subfield code="o">911.2 J828n 6</subfield>
      <subfield code="e">Donación UARG</subfield>
      <subfield code="8">CG</subfield>
    </datafield>
    <datafield tag="952" ind1=" " ind2=" ">
      <subfield code="a">BIB_RECT</subfield>
      <subfield code="b">BIB_UACO</subfield>
      <subfield code="d">2009-03-23</subfield>
      <subfield code="y">BK</subfield>
      <subfield code="p">02-37404</subfield>
      <subfield code="i">02-37404</subfield>
      <subfield code="g">50</subfield>
      <subfield code="o">911.2 J828n 6</subfield>
      <subfield code="e">Donación Mazzoni, E. y Vazquez, Mirian</subfield>
      <subfield code="8">CG</subfield>
    </datafield>
    <datafield tag="952" ind1=" " ind2=" ">
      <subfield code="a">BIB_RECT</subfield>
      <subfield code="b">BIB_UART</subfield>
      <subfield code="d">2008-03-07</subfield>
      <subfield code="y">BK</subfield>
      <subfield code="p">03-34544</subfield>
      <subfield code="i">03-34544</subfield>
      <subfield code="g">50</subfield>
      <subfield code="o">911.2 J828n 6</subfield>
      <subfield code="e">Donación UARG</subfield>
      <subfield code="8">CG</subfield>
    </datafield>
    <datafield tag="952" ind1=" " ind2=" ">
      <subfield code="a">BIB_RECT</subfield>
      <subfield code="b">BIB_UASJ</subfield>
      <subfield code="d">2008-02-21</subfield>
      <subfield code="y">BK</subfield>
      <subfield code="p">04-34312</subfield>
      <subfield code="i">04-34312</subfield>
      <subfield code="g">50</subfield>
      <subfield code="o">911.2 J828n 6</subfield>
      <subfield code="e">Donación</subfield>
      <subfield code="8">CG</subfield>
    </datafield>
    <datafield tag="952" ind1=" " ind2=" ">
      <subfield code="a">BIB_RECT</subfield>
      <subfield code="b">BIB_UASJ</subfield>
      <subfield code="d">2008-03-07</subfield>
      <subfield code="y">BK</subfield>
      <subfield code="p">04-34543</subfield>
      <subfield code="i">04-34543</subfield>
      <subfield code="g">50</subfield>
      <subfield code="o">911.2 J828n 6</subfield>
      <subfield code="e">Donación UARG</subfield>
      <subfield code="8">CG</subfield>
    </datafield>
    <datafield tag="952" ind1=" " ind2=" ">
      <subfield code="a">BIB_RECT</subfield>
      <subfield code="b">BIB_UARG</subfield>
      <subfield code="d">2008-02-29</subfield>
      <subfield code="y">BK</subfield>
      <subfield code="p">05-34402</subfield>
      <subfield code="i">05-34402</subfield>
      <subfield code="g">50</subfield>
      <subfield code="o">911.2 J828n 6</subfield>
      <subfield code="e">Donación Mazzoni, Elizabeth</subfield>
      <subfield code="8">CG</subfield>
    </datafield>
    <datafield tag="952" ind1=" " ind2=" ">
      <subfield code="a">BIB_RECT</subfield>
      <subfield code="b">BIB_UARG</subfield>
      <subfield code="d">2008-02-29</subfield>
      <subfield code="y">BK</subfield>
      <subfield code="p">05-34403</subfield>
      <subfield code="i">05-34403</subfield>
      <subfield code="g">50</subfield>
      <subfield code="o">911.2 J828n 6</subfield>
      <subfield code="e">Donación Mazzoni, Elizabeth</subfield>
      <subfield code="8">CG</subfield>
    </datafield>
    <datafield tag="952" ind1=" " ind2=" ">
      <subfield code="a">BIB_RECT</subfield>
      <subfield code="b">BIB_UARG</subfield>
      <subfield code="d">2009-10-29</subfield>
      <subfield code="y">BK</subfield>
      <subfield code="p">05-38491</subfield>
      <subfield code="i">05-38491</subfield>
      <subfield code="g">50</subfield>
      <subfield code="o">911.2 J828n 6</subfield>
      <subfield code="e">Donación Mazzoni, Elizabeth</subfield>
      <subfield code="8">CG</subfield>
    </datafield>
  </record>