
  <record>
    <leader>01000aam  22002601a 4500</leader>
    <controlfield tag="001">YPZ87557</controlfield>
    <controlfield tag="003">YPZ</controlfield>
    <controlfield tag="005">200802251242160</controlfield>
    <controlfield tag="008">080225|###########||||||b||||||||||spa|d</controlfield>
    <datafield tag="020" ind1=" " ind2=" ">
      <subfield code="a">9872176019</subfield>
    </datafield>
    <datafield tag="020" ind1=" " ind2=" ">
      <subfield code="a">9872176013</subfield>
    </datafield>
    <datafield tag="040" ind1=" " ind2=" ">
      <subfield code="c">SIUNPA</subfield>
    </datafield>
    <datafield tag="041" ind1=" " ind2=" ">
      <subfield code="a">spa</subfield>
      <subfield code="a">por</subfield>
      <subfield code="a">eng</subfield>
      <subfield code="a">ger</subfield>
    </datafield>
    <datafield tag="044" ind1=" " ind2=" ">
      <subfield code="a">AR</subfield>
    </datafield>
    <datafield tag="080" ind1=" " ind2=" ">
      <subfield code="a">359.38(092) L782g</subfield>
    </datafield>
    <datafield tag="100" ind1=" " ind2=" ">
      <subfield code="a">Litvachkes, Roberto.</subfield>
    </datafield>
    <datafield tag="245" ind1=" " ind2=" ">
      <subfield code="a">Gunther Plüschow</subfield>
      <subfield code="b"> : una vida de sueños, aventuras y desafíos por un amor imposible: la Patagonia</subfield>
    </datafield>
    <datafield tag="260" ind1=" " ind2=" ">
      <subfield code="a">Buenos Aires</subfield>
      <subfield code="b"> : Serie del Sur</subfield>
      <subfield code="c"> , 2006</subfield>
    </datafield>
    <datafield tag="300" ind1=" " ind2=" ">
      <subfield code="a">255 p. : </subfield>
      <subfield code="a">141 p. : </subfield>
      <subfield code="a">xix,155 p. : </subfield>
      <subfield code="a">273 p. : </subfield>
      <subfield code="b">il. ; </subfield>
      <subfield code="a">319 p. : </subfield>
      <subfield code="b">il. ; </subfield>
      <subfield code="a">551 p. : </subfield>
      <subfield code="b">il. ; </subfield>
      <subfield code="a">xvi, 715 p. : </subfield>
      <subfield code="a">xx, 516 p. : </subfield>
      <subfield code="b">il. ; </subfield>
      <subfield code="a">431 p. : </subfield>
      <subfield code="b">il. ; </subfield>
      <subfield code="a">xi, 159 p. : </subfield>
      <subfield code="a">265 p. : </subfield>
      <subfield code="b">il. ; </subfield>
      <subfield code="a">430 p. : </subfield>
      <subfield code="a">125 p. : </subfield>
      <subfield code="b">il. ; </subfield>
      <subfield code="a">438 p. : </subfield>
      <subfield code="b">il. ; </subfield>
      <subfield code="a">925 p. : </subfield>
      <subfield code="a">x, 114 p. : </subfield>
      <subfield code="b">il. ; </subfield>
      <subfield code="a">[65] p. : </subfield>
      <subfield code="b">il. ; </subfield>
      <subfield code="a">62 p. : </subfield>
      <subfield code="a">ix, 58 p. : </subfield>
      <subfield code="b">il. ; </subfield>
      <subfield code="a">490 p. : </subfield>
      <subfield code="b">il. ; </subfield>
      <subfield code="a">753 p. : </subfield>
      <subfield code="b">il. ; </subfield>
      <subfield code="a">109 p. : </subfield>
      <subfield code="a">xiii, 226 p. : </subfield>
      <subfield code="b">il. ; </subfield>
      <subfield code="a">xxi, 260 p. : </subfield>
      <subfield code="a">107 p. : </subfield>
      <subfield code="a">259 p. : </subfield>
      <subfield code="a">241 p. : </subfield>
      <subfield code="a">155 p. : </subfield>
      <subfield code="a">194 p. : </subfield>
      <subfield code="a">xxxviii, 1421 p. : </subfield>
      <subfield code="b">il. ; </subfield>
      <subfield code="a">302 p. : </subfield>
      <subfield code="b">il. ; </subfield>
      <subfield code="a">397 p. : </subfield>
      <subfield code="b">il. ; </subfield>
      <subfield code="a">46 p. : </subfield>
      <subfield code="b">il. ; </subfield>
      <subfield code="a">xxii, 346 p. : </subfield>
      <subfield code="a">365 p. : </subfield>
      <subfield code="a">951 p. : </subfield>
      <subfield code="b">il. ; </subfield>
      <subfield code="a">460 p. : </subfield>
      <subfield code="b">il. ; </subfield>
      <subfield code="a">544 p. : </subfield>
      <subfield code="b">il. ; </subfield>
      <subfield code="a">223 p. : </subfield>
      <subfield code="a">253 p. : </subfield>
      <subfield code="b">il. ; </subfield>
      <subfield code="a">3 v. : </subfield>
      <subfield code="b">il. ; </subfield>
      <subfield code="a">xiv, 410 p. : </subfield>
      <subfield code="b">il. ; </subfield>
      <subfield code="a">79 p. : </subfield>
      <subfield code="a">246 p. : </subfield>
      <subfield code="b">il. ; </subfield>
      <subfield code="a">383 p. : </subfield>
      <subfield code="a">370 p. : </subfield>
      <subfield code="b">il. ; </subfield>
      <subfield code="a">ix, 276 p. : </subfield>
      <subfield code="a">xvi, 217 p. : </subfield>
      <subfield code="a">300 p. : </subfield>
      <subfield code="b">il. ; </subfield>
      <subfield code="a">264 p. : </subfield>
      <subfield code="b">il. ; </subfield>
      <subfield code="a">124 p. : </subfield>
      <subfield code="b">il. ; </subfield>
      <subfield code="e">1 CD-ROM (15 min.)</subfield>
    </datafield>
    <datafield tag="500" ind1=" " ind2=" ">
      <subfield code="a">El ejemplar 2 (04-37550) es fotocopia</subfield>
    </datafield>
    <datafield tag="505" ind1=" " ind2=" ">
      <subfield code="a">El CD-ROM contiene escenas del primer documental de la Patagonia</subfield>
    </datafield>
    <datafield tag="650" ind1=" " ind2=" ">
      <subfield code="a"> GUNTHER PLÜSCHOW (18861931)</subfield>
    </datafield>
    <datafield tag="650" ind1=" " ind2=" ">
      <subfield code="a"> AVIADORES</subfield>
    </datafield>
    <datafield tag="650" ind1=" " ind2=" ">
      <subfield code="a"> MARINOS</subfield>
    </datafield>
    <datafield tag="650" ind1=" " ind2=" ">
      <subfield code="a"> BIOGRAFIA </subfield>
    </datafield>
    <datafield tag="650" ind1=" " ind2=" ">
      <subfield code="a"> HISTORIA ARGENTINA</subfield>
    </datafield>
    <datafield tag="650" ind1=" " ind2=" ">
      <subfield code="a"> REGION PATAGONICA</subfield>
    </datafield>
    <datafield tag="942" ind1=" " ind2=" ">
      <subfield code="c">BK</subfield>
    </datafield>
    <datafield tag="952" ind1=" " ind2=" ">
      <subfield code="a">BIB_RECT</subfield>
      <subfield code="b">BIB_UASJ</subfield>
      <subfield code="d">2008-02-21</subfield>
      <subfield code="y">BK</subfield>
      <subfield code="p">04-34311</subfield>
      <subfield code="i">04-34311</subfield>
      <subfield code="g">30</subfield>
      <subfield code="o">359.38(092) L782g</subfield>
      <subfield code="e">Donación</subfield>
      <subfield code="8">CG</subfield>
    </datafield>
    <datafield tag="952" ind1=" " ind2=" ">
      <subfield code="a">BIB_RECT</subfield>
      <subfield code="b">BIB_UASJ</subfield>
      <subfield code="d">2008-03-18</subfield>
      <subfield code="y">BK</subfield>
      <subfield code="p">04-34628</subfield>
      <subfield code="i">04-34628</subfield>
      <subfield code="g">18</subfield>
      <subfield code="o">359.38(092) L782g</subfield>
      <subfield code="e">Donación</subfield>
      <subfield code="8">CG</subfield>
    </datafield>
    <datafield tag="952" ind1=" " ind2=" ">
      <subfield code="a">BIB_RECT</subfield>
      <subfield code="b">BIB_UASJ</subfield>
      <subfield code="d">2009-04-23</subfield>
      <subfield code="y">BK</subfield>
      <subfield code="p">04-37550</subfield>
      <subfield code="i">04-37550</subfield>
      <subfield code="g">22</subfield>
      <subfield code="o">359.38(092) L782g</subfield>
      <subfield code="e">Desconocido</subfield>
      <subfield code="8">CG</subfield>
    </datafield>
  </record>