
  <record>
    <leader>01000aam  22002601a 4500</leader>
    <controlfield tag="001">YPZ87632</controlfield>
    <controlfield tag="003">YPZ</controlfield>
    <controlfield tag="005">200802291119110</controlfield>
    <controlfield tag="008">080229|###########||||||b||||||||||spa|d</controlfield>
    <datafield tag="020" ind1=" " ind2=" ">
      <subfield code="a">9505375417</subfield>
    </datafield>
    <datafield tag="040" ind1=" " ind2=" ">
      <subfield code="c">SIUNPA</subfield>
    </datafield>
    <datafield tag="041" ind1=" " ind2=" ">
      <subfield code="a">spa</subfield>
    </datafield>
    <datafield tag="044" ind1=" " ind2=" ">
      <subfield code="a">AR</subfield>
    </datafield>
    <datafield tag="080" ind1=" " ind2=" ">
      <subfield code="a">657.4 F293r 4-19</subfield>
    </datafield>
    <datafield tag="110" ind1=" " ind2=" ">
      <subfield code="a">Federación Argentina de Consejos Profesionales de Ciencias Económicas.</subfield>
    </datafield>
    <datafield tag="710" ind1=" " ind2=" ">
      <subfield code="a">Consejo Profesional de Ciencias Económicas de la Capital Federal.</subfield>
    </datafield>
    <datafield tag="710" ind1=" " ind2=" ">
      <subfield code="a">Argentina. Inspección General de Justicia.</subfield>
    </datafield>
    <datafield tag="245" ind1=" " ind2=" ">
      <subfield code="a">Resoluciones técnicas nros. 4, 5, 6, 7, 8, 9, 10, 11, 12, 13, 14, 15, 16, 17, 18 y 19  (F.A.C.P.C.E.). Resoluciones 'C' nros. 135/84, 136/84, 267/85 y 169/92 (C.P.C.E.C.F.). Resoluciones generales nros. 2/84 y 5/88 (I.G.J.)</subfield>
    </datafield>
    <datafield tag="260" ind1=" " ind2=" ">
      <subfield code="a">Buenos Aires</subfield>
      <subfield code="b"> : Macchi</subfield>
      <subfield code="c"> , 2001</subfield>
    </datafield>
    <datafield tag="440" ind1=" " ind2=" ">
      <subfield code="a">Serie publicaciones / Programa Regional de Bioética</subfield>
      <subfield code="a">Serie pensamiento y cultura</subfield>
      <subfield code="a">Cuadernos universitarios Macchi</subfield>
      <subfield code="v">3</subfield>
    </datafield>
    <datafield tag="490" ind1=" " ind2=" ">
      <subfield code="a">Serie publicaciones / Programa Regional de Bioética</subfield>
      <subfield code="a">Serie pensamiento y cultura</subfield>
      <subfield code="a">Cuadernos universitarios Macchi</subfield>
      <subfield code="v">3</subfield>
    </datafield>
    <datafield tag="650" ind1=" " ind2=" ">
      <subfield code="a"> SOCIEDADES COMERCIALES  NORMAS CONTABLES  RESOLUCION 'C' 169/92</subfield>
    </datafield>
    <datafield tag="650" ind1=" " ind2=" ">
      <subfield code="a"> AUDITORIAS CONTABLES </subfield>
    </datafield>
    <datafield tag="650" ind1=" " ind2=" ">
      <subfield code="a"> RESOLUCION TECNICA 4</subfield>
    </datafield>
    <datafield tag="650" ind1=" " ind2=" ">
      <subfield code="a">19 </subfield>
    </datafield>
    <datafield tag="650" ind1=" " ind2=" ">
      <subfield code="a"> RESOLUCIONES GENERALES 2/84 y 5/88</subfield>
    </datafield>
    <datafield tag="650" ind1=" " ind2=" ">
      <subfield code="a"> ESTADOS CONTABLES </subfield>
    </datafield>
    <datafield tag="650" ind1=" " ind2=" ">
      <subfield code="a"> RESOLUCION C 135/84</subfield>
    </datafield>
    <datafield tag="650" ind1=" " ind2=" ">
      <subfield code="a"> INVERSIONES </subfield>
    </datafield>
    <datafield tag="650" ind1=" " ind2=" ">
      <subfield code="a"> RESOLUCION C 136/84</subfield>
    </datafield>
    <datafield tag="650" ind1=" " ind2=" ">
      <subfield code="a"> LEGISLACION </subfield>
    </datafield>
    <datafield tag="650" ind1=" " ind2=" ">
      <subfield code="a"> RESOLUCION C  267/85</subfield>
    </datafield>
    <datafield tag="942" ind1=" " ind2=" ">
      <subfield code="c">BK</subfield>
    </datafield>
    <datafield tag="952" ind1=" " ind2=" ">
      <subfield code="a">BIB_RECT</subfield>
      <subfield code="b">BIB_UARG</subfield>
      <subfield code="d">2014-12-11</subfield>
      <subfield code="y">BK</subfield>
      <subfield code="p">05-16186</subfield>
      <subfield code="i">05-16186</subfield>
      <subfield code="g">150</subfield>
      <subfield code="o">657.4 F293r 4-19</subfield>
      <subfield code="e">Márquez, Virginia</subfield>
      <subfield code="8">CG</subfield>
    </datafield>
    <datafield tag="952" ind1=" " ind2=" ">
      <subfield code="a">BIB_RECT</subfield>
      <subfield code="b">BIB_UARG</subfield>
      <subfield code="d">2008-02-29</subfield>
      <subfield code="y">BK</subfield>
      <subfield code="p">05-34376</subfield>
      <subfield code="i">05-34376</subfield>
      <subfield code="g">49</subfield>
      <subfield code="o">657.4 F293r 4-19</subfield>
      <subfield code="e">Donación Centro de Estudiantes</subfield>
      <subfield code="8">CG</subfield>
    </datafield>
  </record>