
  <record>
    <leader>01000aam  22002601a 4500</leader>
    <controlfield tag="001">YPZ87643</controlfield>
    <controlfield tag="003">YPZ</controlfield>
    <controlfield tag="005">200802291442360</controlfield>
    <controlfield tag="008">080229|###########||||||b||||||||||spa|d</controlfield>
    <datafield tag="020" ind1=" " ind2=" ">
      <subfield code="a">0471360287</subfield>
    </datafield>
    <datafield tag="040" ind1=" " ind2=" ">
      <subfield code="c">SIUNPA</subfield>
    </datafield>
    <datafield tag="041" ind1=" " ind2=" ">
      <subfield code="a">eng</subfield>
    </datafield>
    <datafield tag="044" ind1=" " ind2=" ">
      <subfield code="a">US</subfield>
    </datafield>
    <datafield tag="080" ind1=" " ind2=" ">
      <subfield code="a">004.413 W994e2</subfield>
    </datafield>
    <datafield tag="100" ind1=" " ind2=" ">
      <subfield code="a">Wysocki, Robert K..</subfield>
    </datafield>
    <datafield tag="700" ind1=" " ind2=" ">
      <subfield code="a">Beck, Robert.</subfield>
    </datafield>
    <datafield tag="700" ind1=" " ind2=" ">
      <subfield code="a">Crane, David B..</subfield>
    </datafield>
    <datafield tag="245" ind1=" " ind2=" ">
      <subfield code="a">Effective project management</subfield>
    </datafield>
    <datafield tag="260" ind1=" " ind2=" ">
      <subfield code="a">New York, NY</subfield>
      <subfield code="b"> : Wiley</subfield>
      <subfield code="c"> , 2000</subfield>
    </datafield>
    <datafield tag="300" ind1=" " ind2=" ">
      <subfield code="a">143 p. : </subfield>
      <subfield code="a">443 p. : </subfield>
      <subfield code="a">299 p. : </subfield>
      <subfield code="a">201 p. : </subfield>
      <subfield code="b">il. ; </subfield>
      <subfield code="a">xiv, 413 p. : </subfield>
      <subfield code="b">il. ; </subfield>
      <subfield code="a">220 p. : </subfield>
      <subfield code="a">223 p. : </subfield>
      <subfield code="a">vi, 28 p. : </subfield>
      <subfield code="b">il. ; </subfield>
      <subfield code="a">800 p. : </subfield>
      <subfield code="b">il. ; </subfield>
      <subfield code="a">ii, 276 p. : </subfield>
      <subfield code="a">xix, 224 p. : </subfield>
      <subfield code="b">il. ; </subfield>
      <subfield code="a">421 p. : </subfield>
      <subfield code="a">176 p. : </subfield>
      <subfield code="b">il. ; </subfield>
      <subfield code="a">2 v. : </subfield>
      <subfield code="b">il. ; </subfield>
      <subfield code="a">529 p. : </subfield>
      <subfield code="b">il. ; </subfield>
      <subfield code="a">142 p. : </subfield>
      <subfield code="a">248 p. : </subfield>
      <subfield code="a">247 p. : </subfield>
      <subfield code="a">157 p. : </subfield>
      <subfield code="b">cuadros ; </subfield>
      <subfield code="a">124 p. : </subfield>
      <subfield code="b">il. ; </subfield>
      <subfield code="a">70 p. : </subfield>
      <subfield code="a">112 p. : </subfield>
      <subfield code="b">gráf. ; </subfield>
      <subfield code="a">128 p. : </subfield>
      <subfield code="a">93 p. : </subfield>
      <subfield code="b">il. ; </subfield>
      <subfield code="a">92 p. : </subfield>
      <subfield code="b">il. ; </subfield>
      <subfield code="a">120 p. : </subfield>
      <subfield code="b">il. ; </subfield>
      <subfield code="a">301 p. : </subfield>
      <subfield code="a">276 p. : </subfield>
      <subfield code="a">591 p. : </subfield>
      <subfield code="a">329 p. : </subfield>
      <subfield code="a">204 p. : </subfield>
      <subfield code="b">il. ; </subfield>
      <subfield code="a">303 p. : </subfield>
      <subfield code="a">407 p. : </subfield>
      <subfield code="b">il. ; </subfield>
      <subfield code="a">344 p. : </subfield>
      <subfield code="b">il. ; </subfield>
      <subfield code="a">223 p. : </subfield>
      <subfield code="b">il. ; </subfield>
      <subfield code="a">3 v. : </subfield>
      <subfield code="b">il. ; </subfield>
      <subfield code="a">80 p. : </subfield>
      <subfield code="a">68 p. : </subfield>
      <subfield code="a">219 p. : </subfield>
      <subfield code="a">xv, p. 17-91 : </subfield>
      <subfield code="b">il. ; </subfield>
      <subfield code="a">xvii, p. 19-158 : </subfield>
      <subfield code="b">il. ; </subfield>
      <subfield code="a">110 p. : </subfield>
      <subfield code="b">il. ; </subfield>
      <subfield code="a">73 p. : </subfield>
      <subfield code="a">70 p. : </subfield>
      <subfield code="b">il. ; </subfield>
      <subfield code="a">96 p. : </subfield>
      <subfield code="b">il. ; </subfield>
      <subfield code="a">234 p. : </subfield>
      <subfield code="b">cuadros ; </subfield>
      <subfield code="a">133, 127 p. : </subfield>
      <subfield code="a">107 p. : </subfield>
      <subfield code="b">il. ; </subfield>
      <subfield code="a">261 p. : </subfield>
      <subfield code="a">xi, 200 p. : </subfield>
      <subfield code="b">il. ; </subfield>
      <subfield code="a">637 p. : </subfield>
      <subfield code="b">il. ; </subfield>
      <subfield code="a">xviii, 800 p. : </subfield>
      <subfield code="b">il. ; </subfield>
      <subfield code="a">109 p. : </subfield>
      <subfield code="b">il. ; </subfield>
      <subfield code="a">xiv, 381 p. : </subfield>
      <subfield code="b">il. ; </subfield>
      <subfield code="a">xix, 423 p. : </subfield>
      <subfield code="b">il. ; </subfield>
      <subfield code="a">95 p. : </subfield>
      <subfield code="b">il. ; </subfield>
      <subfield code="a">xxvii, 712 p. : </subfield>
      <subfield code="b">il. ; </subfield>
      <subfield code="a">il. : </subfield>
      <subfield code="a">xvii, 359 p. : </subfield>
      <subfield code="b">il. ; </subfield>
      <subfield code="e">1 CD-ROM en bolsillo</subfield>
    </datafield>
    <datafield tag="500" ind1=" " ind2=" ">
      <subfield code="a">El ejemplar carece de CD-ROM</subfield>
    </datafield>
    <datafield tag="650" ind1=" " ind2=" ">
      <subfield code="a"> INGENIERIA DE SOFTWARE</subfield>
    </datafield>
    <datafield tag="650" ind1=" " ind2=" ">
      <subfield code="a"> DESARROLLO DE SOFTWARE</subfield>
    </datafield>
    <datafield tag="650" ind1=" " ind2=" ">
      <subfield code="a"> PROYECTO DE SOFTWARE</subfield>
    </datafield>
    <datafield tag="942" ind1=" " ind2=" ">
      <subfield code="c">BK</subfield>
    </datafield>
    <datafield tag="952" ind1=" " ind2=" ">
      <subfield code="a">BIB_RECT</subfield>
      <subfield code="b">BIB_UACO</subfield>
      <subfield code="d">2008-02-29</subfield>
      <subfield code="y">BK</subfield>
      <subfield code="p">02-07436</subfield>
      <subfield code="i">02-07436</subfield>
      <subfield code="g">150</subfield>
      <subfield code="o">004.413 W994e2</subfield>
      <subfield code="e">SIUNPA00</subfield>
      <subfield code="8">CG</subfield>
    </datafield>
  </record>