
  <record>
    <leader>01000aam  22002601a 4500</leader>
    <controlfield tag="001">YPZ87663</controlfield>
    <controlfield tag="003">YPZ</controlfield>
    <controlfield tag="005">200803031212050</controlfield>
    <controlfield tag="008">080303|###########||||||b||||||||||spa|d</controlfield>
    <datafield tag="040" ind1=" " ind2=" ">
      <subfield code="c">SIUNPA</subfield>
    </datafield>
    <datafield tag="041" ind1=" " ind2=" ">
      <subfield code="a">spa</subfield>
      <subfield code="a">por</subfield>
      <subfield code="a">eng</subfield>
    </datafield>
    <datafield tag="044" ind1=" " ind2=" ">
      <subfield code="a">AR</subfield>
    </datafield>
    <datafield tag="080" ind1=" " ind2=" ">
      <subfield code="a">004.4 S986s</subfield>
    </datafield>
    <datafield tag="110" ind1=" " ind2=" ">
      <subfield code="a">Symposium on Software Technology (1999 : Buenos Aires).</subfield>
    </datafield>
    <datafield tag="710" ind1=" " ind2=" ">
      <subfield code="a">Sociedad Argentina de Informática e Investigación Operativa, SADIO, org..</subfield>
    </datafield>
    <datafield tag="245" ind1=" " ind2=" ">
      <subfield code="a">SoST'99</subfield>
      <subfield code="b"> : symposium on software technology. Proceedings</subfield>
    </datafield>
    <datafield tag="260" ind1=" " ind2=" ">
      <subfield code="a">Buenos Aires</subfield>
      <subfield code="b"> : SADIO</subfield>
      <subfield code="c"> , 1999</subfield>
    </datafield>
    <datafield tag="500" ind1=" " ind2=" ">
      <subfield code="a">Realizado en el marco de las 28 JAIIO</subfield>
    </datafield>
    <datafield tag="650" ind1=" " ind2=" ">
      <subfield code="a"> SOFTWARE</subfield>
    </datafield>
    <datafield tag="650" ind1=" " ind2=" ">
      <subfield code="a"> JAIIO/99 </subfield>
    </datafield>
    <datafield tag="650" ind1=" " ind2=" ">
      <subfield code="a"> SoST/99</subfield>
    </datafield>
    <datafield tag="942" ind1=" " ind2=" ">
      <subfield code="c">BK</subfield>
    </datafield>
    <datafield tag="952" ind1=" " ind2=" ">
      <subfield code="a">BIB_RECT</subfield>
      <subfield code="b">BIB_UACO</subfield>
      <subfield code="d">2008-03-03</subfield>
      <subfield code="y">BK</subfield>
      <subfield code="p">02-02565</subfield>
      <subfield code="i">02-02565</subfield>
      <subfield code="g">10</subfield>
      <subfield code="o">004.4 S986s</subfield>
      <subfield code="e">JAIIO99</subfield>
      <subfield code="8">CG</subfield>
    </datafield>
    <datafield tag="952" ind1=" " ind2=" ">
      <subfield code="a">BIB_RECT</subfield>
      <subfield code="b">BIB_UACO</subfield>
      <subfield code="d">2008-03-03</subfield>
      <subfield code="y">BK</subfield>
      <subfield code="p">02-02566</subfield>
      <subfield code="i">02-02566</subfield>
      <subfield code="g">10</subfield>
      <subfield code="o">004.4 S986s</subfield>
      <subfield code="e">JAIIO99</subfield>
      <subfield code="8">CG</subfield>
    </datafield>
  </record>