
  <record>
    <leader>01000aam  22002601a 4500</leader>
    <controlfield tag="001">YPZ87674</controlfield>
    <controlfield tag="003">YPZ</controlfield>
    <controlfield tag="005">200803031518050</controlfield>
    <controlfield tag="008">080303|###########||||||b||||||||||spa|d</controlfield>
    <datafield tag="020" ind1=" " ind2=" ">
      <subfield code="a">9789502909912</subfield>
    </datafield>
    <datafield tag="040" ind1=" " ind2=" ">
      <subfield code="c">SIUNPA</subfield>
    </datafield>
    <datafield tag="041" ind1=" " ind2=" ">
      <subfield code="a">spa</subfield>
    </datafield>
    <datafield tag="044" ind1=" " ind2=" ">
      <subfield code="a">AR</subfield>
    </datafield>
    <datafield tag="080" ind1=" " ind2=" ">
      <subfield code="a">658 S471e</subfield>
    </datafield>
    <datafield tag="100" ind1=" " ind2=" ">
      <subfield code="a">Schvarzer, Jorge.</subfield>
    </datafield>
    <datafield tag="700" ind1=" " ind2=" ">
      <subfield code="a">Gómez, Teresita.</subfield>
    </datafield>
    <datafield tag="700" ind1=" " ind2=" ">
      <subfield code="a">Rougier, Marcelo.</subfield>
    </datafield>
    <datafield tag="110" ind1=" " ind2=" ">
      <subfield code="a">Seminario La empresa ayer y hoy. Nuevas investigaciones y Debates (2005 : Buenos Aires).</subfield>
    </datafield>
    <datafield tag="245" ind1=" " ind2=" ">
      <subfield code="a">La empresa ayer y hoy</subfield>
      <subfield code="b"> : nuevas investigaciones y debates</subfield>
    </datafield>
    <datafield tag="260" ind1=" " ind2=" ">
      <subfield code="a">Buenos Aires</subfield>
      <subfield code="b"> : Centro de Estudios de la Situación y Perspectivas de la Argentina, CESPA</subfield>
      <subfield code="b"> : Facultad de Ciencias Económicas, Universidad de Buenos Aires</subfield>
      <subfield code="c"> , 2007</subfield>
    </datafield>
    <datafield tag="500" ind1=" " ind2=" ">
      <subfield code="a">Trabajo colectivo del Seminario La empresa ayer y hoy. Nuevas investigaciones y Debates, realizados por los autores en la Facultad de Ciencias Económicas de la Universidad de Buenos Aires los días 13 y 14 de junio de 2005</subfield>
    </datafield>
    <datafield tag="650" ind1=" " ind2=" ">
      <subfield code="a"> EMPRESA PUBLICA  EMPRESAS</subfield>
    </datafield>
    <datafield tag="650" ind1=" " ind2=" ">
      <subfield code="a"> ESTRATEGIA EMPRESARIAL</subfield>
    </datafield>
    <datafield tag="650" ind1=" " ind2=" ">
      <subfield code="a"> PRIVATIZACION</subfield>
    </datafield>
    <datafield tag="650" ind1=" " ind2=" ">
      <subfield code="a"> ARGENTINA</subfield>
    </datafield>
    <datafield tag="942" ind1=" " ind2=" ">
      <subfield code="c">BK</subfield>
    </datafield>
    <datafield tag="952" ind1=" " ind2=" ">
      <subfield code="a">BIB_RECT</subfield>
      <subfield code="b">BIB_UARG</subfield>
      <subfield code="d">2008-02-29</subfield>
      <subfield code="y">BK</subfield>
      <subfield code="p">05-34390</subfield>
      <subfield code="i">05-34390</subfield>
      <subfield code="g">59</subfield>
      <subfield code="o">658 S471e</subfield>
      <subfield code="e">Donación Pierini, Ma. de los Milagros</subfield>
      <subfield code="8">CG</subfield>
    </datafield>
    <datafield tag="952" ind1=" " ind2=" ">
      <subfield code="a">BIB_RECT</subfield>
      <subfield code="b">BIB_UARG</subfield>
      <subfield code="d">2009-10-14</subfield>
      <subfield code="y">BK</subfield>
      <subfield code="p">05-38449</subfield>
      <subfield code="i">05-38449</subfield>
      <subfield code="g">40</subfield>
      <subfield code="o">658 S471e</subfield>
      <subfield code="e">Salerno, Gimena</subfield>
      <subfield code="8">CG</subfield>
    </datafield>
  </record>