
  <record>
    <leader>01000aam  22002601a 4500</leader>
    <controlfield tag="001">YPZ87692</controlfield>
    <controlfield tag="003">YPZ</controlfield>
    <controlfield tag="005">200803041310220</controlfield>
    <controlfield tag="008">080304|###########||||||b||||||||||spa|d</controlfield>
    <datafield tag="020" ind1=" " ind2=" ">
      <subfield code="a">9871031416</subfield>
    </datafield>
    <datafield tag="040" ind1=" " ind2=" ">
      <subfield code="c">SIUNPA</subfield>
    </datafield>
    <datafield tag="041" ind1=" " ind2=" ">
      <subfield code="a">spa</subfield>
    </datafield>
    <datafield tag="044" ind1=" " ind2=" ">
      <subfield code="a">AR</subfield>
    </datafield>
    <datafield tag="080" ind1=" " ind2=" ">
      <subfield code="a">378.4 C749l</subfield>
    </datafield>
    <datafield tag="110" ind1=" " ind2=" ">
      <subfield code="a">Congreso Latinoamericano de Educación Superior en el Siglo XXI (2003 : San Luis).</subfield>
    </datafield>
    <datafield tag="710" ind1=" " ind2=" ">
      <subfield code="a">Universidad Nacional de San Luis, org..</subfield>
    </datafield>
    <datafield tag="710" ind1=" " ind2=" ">
      <subfield code="a">Instituto Internacional para la Educación Superior en América Latina y el Caribe, org..</subfield>
    </datafield>
    <datafield tag="245" ind1=" " ind2=" ">
      <subfield code="a">La educación superior en el siglo XXI</subfield>
      <subfield code="b"> : conferencias y ponencias desarrolladas en los paneles plenarios y conclusiones de los foros del Congreso Latinoamericano de Educación Superior en el Siglo XXI</subfield>
      <subfield code="c"> / Mainero, Nelly E., comp. ; Mansilla, Helenio Onasis Mur, colab.</subfield>
    </datafield>
    <datafield tag="260" ind1=" " ind2=" ">
      <subfield code="a">San Luis</subfield>
      <subfield code="b"> : Nueva Editorial Universitaria, Universidad Nacional de San Luis</subfield>
      <subfield code="c"> , 2005</subfield>
    </datafield>
    <datafield tag="650" ind1=" " ind2=" ">
      <subfield code="a"> EDUCACION SUPERIOR</subfield>
    </datafield>
    <datafield tag="650" ind1=" " ind2=" ">
      <subfield code="a"> UNIVERSIDADES  </subfield>
    </datafield>
    <datafield tag="650" ind1=" " ind2=" ">
      <subfield code="a"> ARGENTINA</subfield>
    </datafield>
    <datafield tag="650" ind1=" " ind2=" ">
      <subfield code="a"> AMERICA LATINA</subfield>
    </datafield>
    <datafield tag="942" ind1=" " ind2=" ">
      <subfield code="c">BK</subfield>
    </datafield>
    <datafield tag="952" ind1=" " ind2=" ">
      <subfield code="a">BIB_RECT</subfield>
      <subfield code="b">BIB_UARG</subfield>
      <subfield code="d">2008-02-29</subfield>
      <subfield code="y">BK</subfield>
      <subfield code="p">05-34394</subfield>
      <subfield code="i">05-34394</subfield>
      <subfield code="g">49</subfield>
      <subfield code="o">378.4 C749l</subfield>
      <subfield code="e">Donación Mainero, Nelly</subfield>
      <subfield code="8">CG</subfield>
    </datafield>
  </record>