
  <record>
    <leader>01000aam  22002601a 4500</leader>
    <controlfield tag="001">YPZ87707</controlfield>
    <controlfield tag="003">YPZ</controlfield>
    <controlfield tag="005">200803041608000</controlfield>
    <controlfield tag="008">080304|###########||||||b||||||||||spa|d</controlfield>
    <datafield tag="040" ind1=" " ind2=" ">
      <subfield code="c">SIUNPA</subfield>
    </datafield>
    <datafield tag="041" ind1=" " ind2=" ">
      <subfield code="a">spa</subfield>
    </datafield>
    <datafield tag="044" ind1=" " ind2=" ">
      <subfield code="a">ES</subfield>
    </datafield>
    <datafield tag="080" ind1=" " ind2=" ">
      <subfield code="a">821.124'02 T316h</subfield>
    </datafield>
    <datafield tag="100" ind1=" " ind2=" ">
      <subfield code="a">Terencio.</subfield>
    </datafield>
    <datafield tag="700" ind1=" " ind2=" ">
      <subfield code="a">Publius Terentius Afer.</subfield>
    </datafield>
    <datafield tag="700" ind1=" " ind2=" ">
      <subfield code="a">Publio Terencio Africano.</subfield>
    </datafield>
    <datafield tag="245" ind1=" " ind2=" ">
      <subfield code="a">Los hermanos</subfield>
      <subfield code="c"> / Abril, Pedro Simón, tr.</subfield>
    </datafield>
    <datafield tag="250" ind1=" " ind2=" ">
      <subfield code="a">1a ed.</subfield>
    </datafield>
    <datafield tag="260" ind1=" " ind2=" ">
      <subfield code="a">Buenos Aires</subfield>
      <subfield code="b"> : Espasa-Calpe</subfield>
      <subfield code="c"> , 1947</subfield>
    </datafield>
    <datafield tag="440" ind1=" " ind2=" ">
      <subfield code="a">Colección Austral</subfield>
      <subfield code="v">743</subfield>
    </datafield>
    <datafield tag="490" ind1=" " ind2=" ">
      <subfield code="a">Colección Austral</subfield>
      <subfield code="v">743</subfield>
    </datafield>
    <datafield tag="505" ind1=" " ind2=" ">
      <subfield code="a">Con: El eunuco (p. 63-122) y Formión (p. 123-181)</subfield>
    </datafield>
    <datafield tag="650" ind1=" " ind2=" ">
      <subfield code="a"> LITERATURA LATINA</subfield>
    </datafield>
    <datafield tag="650" ind1=" " ind2=" ">
      <subfield code="a"> TEATRO</subfield>
    </datafield>
    <datafield tag="942" ind1=" " ind2=" ">
      <subfield code="c">BK</subfield>
    </datafield>
    <datafield tag="952" ind1=" " ind2=" ">
      <subfield code="a">BIB_RECT</subfield>
      <subfield code="b">BIB_UACO</subfield>
      <subfield code="d">2008-03-04</subfield>
      <subfield code="y">BK</subfield>
      <subfield code="p">02-01560</subfield>
      <subfield code="i">02-01560</subfield>
      <subfield code="g">20</subfield>
      <subfield code="o">821.124'02 T316h</subfield>
      <subfield code="e">Desconocido</subfield>
      <subfield code="8">CG</subfield>
    </datafield>
    <datafield tag="952" ind1=" " ind2=" ">
      <subfield code="a">BIB_RECT</subfield>
      <subfield code="b">BIB_UARG</subfield>
      <subfield code="d">2012-10-16</subfield>
      <subfield code="y">BK</subfield>
      <subfield code="p">05-02800</subfield>
      <subfield code="i">05-02800</subfield>
      <subfield code="g">59</subfield>
      <subfield code="o">821.124'02 T316h</subfield>
      <subfield code="e">Donación</subfield>
      <subfield code="8">CG</subfield>
    </datafield>
    <datafield tag="952" ind1=" " ind2=" ">
      <subfield code="a">BIB_RECT</subfield>
      <subfield code="b">BIB_UARG</subfield>
      <subfield code="d">2015-05-05</subfield>
      <subfield code="y">BK</subfield>
      <subfield code="p">05-47311</subfield>
      <subfield code="i">05-47311</subfield>
      <subfield code="g">120</subfield>
      <subfield code="o">821.124'02 T316h</subfield>
      <subfield code="e">Donación Flia. Celada</subfield>
      <subfield code="8">CG</subfield>
    </datafield>
  </record>