
  <record>
    <leader>01000aam  22002601a 4500</leader>
    <controlfield tag="001">YPZ87720</controlfield>
    <controlfield tag="003">YPZ</controlfield>
    <controlfield tag="005">200803051719350</controlfield>
    <controlfield tag="008">080305|###########||||||b||||||||||spa|d</controlfield>
    <datafield tag="040" ind1=" " ind2=" ">
      <subfield code="c">SIUNPA</subfield>
    </datafield>
    <datafield tag="041" ind1=" " ind2=" ">
      <subfield code="a">spa</subfield>
    </datafield>
    <datafield tag="044" ind1=" " ind2=" ">
      <subfield code="a">AR</subfield>
    </datafield>
    <datafield tag="080" ind1=" " ind2=" ">
      <subfield code="a">378.4 A691a 2005</subfield>
    </datafield>
    <datafield tag="110" ind1=" " ind2=" ">
      <subfield code="a">Argentina. Ministerio de Educación. Secretaría de Políticas Universitarias.</subfield>
    </datafield>
    <datafield tag="245" ind1=" " ind2=" ">
      <subfield code="a">Anuario 2005 de estadísticas universitarias</subfield>
    </datafield>
    <datafield tag="260" ind1=" " ind2=" ">
      <subfield code="a">Buenos Aires</subfield>
      <subfield code="b"> : Secretaría de Políticas Universitarias</subfield>
      <subfield code="c"> , 2006</subfield>
    </datafield>
    <datafield tag="300" ind1=" " ind2=" ">
      <subfield code="a">535 p. : </subfield>
      <subfield code="a">430 p. : </subfield>
      <subfield code="a">324 p. : </subfield>
      <subfield code="a">270 p. : </subfield>
      <subfield code="a">v, 314 p. : </subfield>
      <subfield code="b">il. ; </subfield>
      <subfield code="a">412 p. : </subfield>
      <subfield code="a">322 p. : </subfield>
      <subfield code="a">165 p. : </subfield>
      <subfield code="a">307 p. : </subfield>
      <subfield code="b">il. ; </subfield>
      <subfield code="a">509 p. : </subfield>
      <subfield code="a">2 v. : </subfield>
      <subfield code="a">145 p. : </subfield>
      <subfield code="a">163 p. : </subfield>
      <subfield code="a">152 p. : </subfield>
      <subfield code="a">150 p. : </subfield>
      <subfield code="a">175 p. : </subfield>
      <subfield code="a">lxii, 175 p. : </subfield>
      <subfield code="a">147 p. : </subfield>
      <subfield code="a">366 p. : </subfield>
      <subfield code="a">150 p. : </subfield>
      <subfield code="a">153 p. : </subfield>
      <subfield code="a">276 p. : </subfield>
      <subfield code="a">159 p. : </subfield>
      <subfield code="a">181 p. : </subfield>
      <subfield code="a">127 p. : </subfield>
      <subfield code="a">182 p. : </subfield>
      <subfield code="b">il. ; </subfield>
      <subfield code="a">558 p. : </subfield>
      <subfield code="a">484 p. : </subfield>
      <subfield code="a">225 p. : </subfield>
      <subfield code="a">252 p. : </subfield>
      <subfield code="a">157 p. : </subfield>
      <subfield code="a">390 p. : </subfield>
      <subfield code="b">il. ; </subfield>
      <subfield code="a">54 p. : </subfield>
      <subfield code="b">il. ; </subfield>
      <subfield code="a">80 p. : </subfield>
      <subfield code="b">il. ; </subfield>
      <subfield code="a">66 p. : </subfield>
      <subfield code="a">348 p. : </subfield>
      <subfield code="b">il. ; </subfield>
      <subfield code="e">1 CD-ROM en bolsillo</subfield>
    </datafield>
    <datafield tag="650" ind1=" " ind2=" ">
      <subfield code="a"> DATO ESTADISTICO</subfield>
    </datafield>
    <datafield tag="650" ind1=" " ind2=" ">
      <subfield code="a"> UNIVERSIDADES</subfield>
    </datafield>
    <datafield tag="650" ind1=" " ind2=" ">
      <subfield code="a"> ARGENTINA</subfield>
    </datafield>
    <datafield tag="942" ind1=" " ind2=" ">
      <subfield code="c">BK</subfield>
    </datafield>
    <datafield tag="952" ind1=" " ind2=" ">
      <subfield code="a">BIB_RECT</subfield>
      <subfield code="b">BIB_UASJ</subfield>
      <subfield code="d">2008-02-29</subfield>
      <subfield code="y">BK</subfield>
      <subfield code="p">04-34445</subfield>
      <subfield code="i">04-34445</subfield>
      <subfield code="g">20</subfield>
      <subfield code="o">378.4 A691a 2005</subfield>
      <subfield code="e">Donación</subfield>
      <subfield code="8">CG</subfield>
    </datafield>
  </record>