
  <record>
    <leader>01000aam  22002601a 4500</leader>
    <controlfield tag="001">YPZ87764</controlfield>
    <controlfield tag="003">YPZ</controlfield>
    <controlfield tag="005">200803111037250</controlfield>
    <controlfield tag="008">080311|###########||||||b||||||||||spa|d</controlfield>
    <datafield tag="040" ind1=" " ind2=" ">
      <subfield code="c">SIUNPA</subfield>
    </datafield>
    <datafield tag="041" ind1=" " ind2=" ">
      <subfield code="a">spa</subfield>
    </datafield>
    <datafield tag="044" ind1=" " ind2=" ">
      <subfield code="a">AR</subfield>
    </datafield>
    <datafield tag="080" ind1=" " ind2=" ">
      <subfield code="a">821.134.2(82) P951h</subfield>
    </datafield>
    <datafield tag="100" ind1=" " ind2=" ">
      <subfield code="a">Prilutzky Farny, Julia.</subfield>
    </datafield>
    <datafield tag="245" ind1=" " ind2=" ">
      <subfield code="a">Hombre oscuro</subfield>
      <subfield code="c"> / Forte, Vicente, il.</subfield>
    </datafield>
    <datafield tag="250" ind1=" " ind2=" ">
      <subfield code="a">4a ed.</subfield>
    </datafield>
    <datafield tag="260" ind1=" " ind2=" ">
      <subfield code="a">Buenos Aires</subfield>
      <subfield code="b"> : Sainte-Claire</subfield>
      <subfield code="c"> , 1980</subfield>
    </datafield>
    <datafield tag="650" ind1=" " ind2=" ">
      <subfield code="a"> LITERATURA ARGENTINA</subfield>
    </datafield>
    <datafield tag="650" ind1=" " ind2=" ">
      <subfield code="a"> POESIA</subfield>
    </datafield>
    <datafield tag="942" ind1=" " ind2=" ">
      <subfield code="c">BK</subfield>
    </datafield>
    <datafield tag="952" ind1=" " ind2=" ">
      <subfield code="a">BIB_RECT</subfield>
      <subfield code="b">BIB_UACO</subfield>
      <subfield code="d">2008-03-11</subfield>
      <subfield code="y">BK</subfield>
      <subfield code="p">02-01535</subfield>
      <subfield code="i">02-01535</subfield>
      <subfield code="g">10</subfield>
      <subfield code="o">821.134.2(82) P951h</subfield>
      <subfield code="e">Desconocido</subfield>
      <subfield code="8">CG</subfield>
    </datafield>
    <datafield tag="952" ind1=" " ind2=" ">
      <subfield code="a">BIB_RECT</subfield>
      <subfield code="b">BIB_UARG</subfield>
      <subfield code="d">2008-03-11</subfield>
      <subfield code="y">BK</subfield>
      <subfield code="p">05-06854</subfield>
      <subfield code="i">05-06854</subfield>
      <subfield code="g">10</subfield>
      <subfield code="o">821.134.2(82) P951h</subfield>
      <subfield code="e">90</subfield>
      <subfield code="8">CG</subfield>
    </datafield>
  </record>