
  <record>
    <leader>01000aam  22002601a 4500</leader>
    <controlfield tag="001">YPZ87765</controlfield>
    <controlfield tag="003">YPZ</controlfield>
    <controlfield tag="005">200803111054510</controlfield>
    <controlfield tag="008">080311|###########||||||b||||||||||spa|d</controlfield>
    <datafield tag="020" ind1=" " ind2=" ">
      <subfield code="a">8486189640</subfield>
    </datafield>
    <datafield tag="040" ind1=" " ind2=" ">
      <subfield code="c">SIUNPA</subfield>
    </datafield>
    <datafield tag="041" ind1=" " ind2=" ">
      <subfield code="a">spa</subfield>
    </datafield>
    <datafield tag="044" ind1=" " ind2=" ">
      <subfield code="a">ES</subfield>
    </datafield>
    <datafield tag="080" ind1=" " ind2=" ">
      <subfield code="a">552 C355f</subfield>
    </datafield>
    <datafield tag="100" ind1=" " ind2=" ">
      <subfield code="a">Castroviejo Bolibar, Ricardo.</subfield>
    </datafield>
    <datafield tag="700" ind1=" " ind2=" ">
      <subfield code="a">García Bellés, Juan, colab..</subfield>
    </datafield>
    <datafield tag="245" ind1=" " ind2=" ">
      <subfield code="a">Fundamentos de petrografía</subfield>
    </datafield>
    <datafield tag="260" ind1=" " ind2=" ">
      <subfield code="a">Madrid</subfield>
      <subfield code="b"> : Escuela Técnica Superior de Ingenieros de Minas de Madrid, Universidad Politécnica de Madrid</subfield>
      <subfield code="c"> , 1998</subfield>
    </datafield>
    <datafield tag="300" ind1=" " ind2=" ">
      <subfield code="a">57 p. : </subfield>
      <subfield code="a">xxxii, 1244 p. : </subfield>
      <subfield code="b">il. ; </subfield>
      <subfield code="a">xvi, 301 p. : </subfield>
      <subfield code="b">il. ; </subfield>
      <subfield code="a">683 p. : </subfield>
      <subfield code="b">il. ; </subfield>
      <subfield code="a">xxvii, 648 p. : </subfield>
      <subfield code="b">il. ; </subfield>
      <subfield code="a">xiv, 1010 p. : </subfield>
      <subfield code="b">il. ; </subfield>
      <subfield code="a">xx, 678 p. : </subfield>
      <subfield code="b">il. ; </subfield>
      <subfield code="a">270 p. : </subfield>
      <subfield code="a">xii, 260 p. : </subfield>
      <subfield code="b">il. ; </subfield>
      <subfield code="a">311 p. : </subfield>
      <subfield code="b">il. ; </subfield>
      <subfield code="a">9 h. : </subfield>
      <subfield code="b">il. ; </subfield>
      <subfield code="a">92 h. : </subfield>
      <subfield code="b">cuadros ; </subfield>
      <subfield code="a">61 h. : </subfield>
      <subfield code="b">cuadros ; </subfield>
      <subfield code="a">xx, [739] p. en varias paginaciones : </subfield>
      <subfield code="b">il. ; </subfield>
      <subfield code="a">1 v. (en varias paginaciones) : </subfield>
      <subfield code="b">il. ; </subfield>
      <subfield code="a">447 p. : </subfield>
      <subfield code="a">202 p. : </subfield>
      <subfield code="a">35 h. : </subfield>
      <subfield code="b">il. ; </subfield>
      <subfield code="a">335 p. : </subfield>
      <subfield code="a">116 p. : </subfield>
      <subfield code="a">218 p. : </subfield>
      <subfield code="a">45  p. : </subfield>
      <subfield code="a">100  p. : </subfield>
      <subfield code="a">81  p. : </subfield>
      <subfield code="a">237  p. : </subfield>
      <subfield code="a">191  p. : </subfield>
      <subfield code="a">207  p. : </subfield>
      <subfield code="a">333  p. : </subfield>
      <subfield code="b">il. ; </subfield>
      <subfield code="a">42  p. : </subfield>
      <subfield code="b">il. ; </subfield>
      <subfield code="a">116 p. : </subfield>
      <subfield code="b">il., col. ; </subfield>
      <subfield code="e">5 h. plegs. de láms. (59 x 88 cm.)</subfield>
    </datafield>
    <datafield tag="500" ind1=" " ind2=" ">
      <subfield code="a">Tít. de partida: Curso avanzado de petrología minera I / II</subfield>
    </datafield>
    <datafield tag="650" ind1=" " ind2=" ">
      <subfield code="a"> PETROGRAFIA</subfield>
    </datafield>
    <datafield tag="650" ind1=" " ind2=" ">
      <subfield code="a"> ROCAS IGNEAS</subfield>
    </datafield>
    <datafield tag="942" ind1=" " ind2=" ">
      <subfield code="c">BK</subfield>
    </datafield>
    <datafield tag="952" ind1=" " ind2=" ">
      <subfield code="a">BIB_RECT</subfield>
      <subfield code="b">BIB_UASJ</subfield>
      <subfield code="d">2008-03-04</subfield>
      <subfield code="y">BK</subfield>
      <subfield code="p">04-34456</subfield>
      <subfield code="i">04-34456</subfield>
      <subfield code="g">120</subfield>
      <subfield code="o">552 C355f</subfield>
      <subfield code="e">Compra Contrato Programa para mineria</subfield>
      <subfield code="8">CG</subfield>
    </datafield>
  </record>