
  <record>
    <leader>01000aam  22002601a 4500</leader>
    <controlfield tag="001">YPZ87774</controlfield>
    <controlfield tag="003">YPZ</controlfield>
    <controlfield tag="005">200803111448110</controlfield>
    <controlfield tag="008">080311|###########||||||b||||||||||spa|d</controlfield>
    <datafield tag="040" ind1=" " ind2=" ">
      <subfield code="c">SIUNPA</subfield>
    </datafield>
    <datafield tag="041" ind1=" " ind2=" ">
      <subfield code="a">spa</subfield>
    </datafield>
    <datafield tag="044" ind1=" " ind2=" ">
      <subfield code="a">AR</subfield>
    </datafield>
    <datafield tag="080" ind1=" " ind2=" ">
      <subfield code="a">373.34 U588c</subfield>
    </datafield>
    <datafield tag="100" ind1=" " ind2=" ">
      <subfield code="a">Sajama, Nora.</subfield>
    </datafield>
    <datafield tag="700" ind1=" " ind2=" ">
      <subfield code="a">Riú, Carolina.</subfield>
    </datafield>
    <datafield tag="700" ind1=" " ind2=" ">
      <subfield code="a">Suarez, Mabel.</subfield>
    </datafield>
    <datafield tag="700" ind1=" " ind2=" ">
      <subfield code="a">Benvenuto, Marta.</subfield>
    </datafield>
    <datafield tag="700" ind1=" " ind2=" ">
      <subfield code="a">Carrizo, Alejandra.</subfield>
    </datafield>
    <datafield tag="700" ind1=" " ind2=" ">
      <subfield code="a">Díaz, Gladis.</subfield>
    </datafield>
    <datafield tag="700" ind1=" " ind2=" ">
      <subfield code="a">Zurita, Sonia.</subfield>
    </datafield>
    <datafield tag="700" ind1=" " ind2=" ">
      <subfield code="a">Barrionuevo, Graciela.</subfield>
    </datafield>
    <datafield tag="700" ind1=" " ind2=" ">
      <subfield code="a">Brizuela, Leonardo.</subfield>
    </datafield>
    <datafield tag="700" ind1=" " ind2=" ">
      <subfield code="a">Quiroga, Miriam.</subfield>
    </datafield>
    <datafield tag="700" ind1=" " ind2=" ">
      <subfield code="a">Ceballos, Lidia.</subfield>
    </datafield>
    <datafield tag="700" ind1=" " ind2=" ">
      <subfield code="a">Villagra, Ana.</subfield>
    </datafield>
    <datafield tag="110" ind1=" " ind2=" ">
      <subfield code="a">Universidad Nacional de la Patagonia Austral. Unidad Académica Caleta Olivia. Proyecto de Apoyo al Mejoramiento de EGB 3.</subfield>
    </datafield>
    <datafield tag="245" ind1=" " ind2=" ">
      <subfield code="a">Compilación</subfield>
      <subfield code="c"> / Sara, María Claudia, coord. del proyecto ; Vasquez, Víctor Daniel, participante ; Quevedo, María Inés, participante ; López Presas, María Eugenia, participante</subfield>
    </datafield>
    <datafield tag="260" ind1=" " ind2=" ">
      <subfield code="a">Caleta Olivia</subfield>
      <subfield code="b"> : Unidad Académica Caleta Olivia, UNPA</subfield>
      <subfield code="c"> , 2007</subfield>
    </datafield>
    <datafield tag="650" ind1=" " ind2=" ">
      <subfield code="a"> EGB</subfield>
    </datafield>
    <datafield tag="650" ind1=" " ind2=" ">
      <subfield code="a"> METODOS DE ENSEÑANZA</subfield>
    </datafield>
    <datafield tag="650" ind1=" " ind2=" ">
      <subfield code="a"> SANTA CRUZ (ARGENTINA)</subfield>
    </datafield>
    <datafield tag="942" ind1=" " ind2=" ">
      <subfield code="c">BK</subfield>
    </datafield>
    <datafield tag="952" ind1=" " ind2=" ">
      <subfield code="a">BIB_RECT</subfield>
      <subfield code="b">BIB_UACO</subfield>
      <subfield code="d">2008-12-16</subfield>
      <subfield code="y">BK</subfield>
      <subfield code="p">02-36547</subfield>
      <subfield code="i">02-36547</subfield>
      <subfield code="g">22</subfield>
      <subfield code="o">373.34 U588c</subfield>
      <subfield code="e">Desconocido</subfield>
      <subfield code="8">CG</subfield>
    </datafield>
    <datafield tag="952" ind1=" " ind2=" ">
      <subfield code="a">BIB_RECT</subfield>
      <subfield code="b">BIB_UACO</subfield>
      <subfield code="d">2008-12-16</subfield>
      <subfield code="y">BK</subfield>
      <subfield code="p">02-36548</subfield>
      <subfield code="i">02-36548</subfield>
      <subfield code="g">22</subfield>
      <subfield code="o">373.34 U588c</subfield>
      <subfield code="e">Desconocido</subfield>
      <subfield code="8">CG</subfield>
    </datafield>
    <datafield tag="952" ind1=" " ind2=" ">
      <subfield code="a">BIB_RECT</subfield>
      <subfield code="b">BIB_UACO</subfield>
      <subfield code="d">2008-12-16</subfield>
      <subfield code="y">BK</subfield>
      <subfield code="p">02-36549</subfield>
      <subfield code="i">02-36549</subfield>
      <subfield code="g">22</subfield>
      <subfield code="o">373.34 U588c</subfield>
      <subfield code="e">Desconocido</subfield>
      <subfield code="8">CG</subfield>
    </datafield>
    <datafield tag="952" ind1=" " ind2=" ">
      <subfield code="a">BIB_RECT</subfield>
      <subfield code="b">BIB_UASJ</subfield>
      <subfield code="d">2008-03-04</subfield>
      <subfield code="y">BK</subfield>
      <subfield code="p">04-34460</subfield>
      <subfield code="i">04-34460</subfield>
      <subfield code="g">22</subfield>
      <subfield code="o">373.34 U588c</subfield>
      <subfield code="e">Donación UACO</subfield>
      <subfield code="8">CG</subfield>
    </datafield>
    <datafield tag="952" ind1=" " ind2=" ">
      <subfield code="a">BIB_RECT</subfield>
      <subfield code="b">BIB_UARG</subfield>
      <subfield code="d">2008-03-11</subfield>
      <subfield code="y">BK</subfield>
      <subfield code="p">05-34587</subfield>
      <subfield code="i">05-34587</subfield>
      <subfield code="g">22</subfield>
      <subfield code="o">373.34 U588c</subfield>
      <subfield code="e">Donación UACO</subfield>
      <subfield code="8">CG</subfield>
    </datafield>
  </record>