
  <record>
    <leader>01000aam  22002601a 4500</leader>
    <controlfield tag="001">YPZ87785</controlfield>
    <controlfield tag="003">YPZ</controlfield>
    <controlfield tag="005">200803121113320</controlfield>
    <controlfield tag="008">080312|###########||||||b||||||||||spa|d</controlfield>
    <datafield tag="040" ind1=" " ind2=" ">
      <subfield code="c">SIUNPA</subfield>
    </datafield>
    <datafield tag="041" ind1=" " ind2=" ">
      <subfield code="a">spa</subfield>
    </datafield>
    <datafield tag="044" ind1=" " ind2=" ">
      <subfield code="a">AR</subfield>
    </datafield>
    <datafield tag="080" ind1=" " ind2=" ">
      <subfield code="a">910.4 T689e</subfield>
    </datafield>
    <datafield tag="100" ind1=" " ind2=" ">
      <subfield code="a">Torre, Guillermo de.</subfield>
    </datafield>
    <datafield tag="245" ind1=" " ind2=" ">
      <subfield code="a">Escalas en la América hispánica</subfield>
    </datafield>
    <datafield tag="260" ind1=" " ind2=" ">
      <subfield code="a">Buenos Aires</subfield>
      <subfield code="b"> : Perrot</subfield>
      <subfield code="c"> , 1961</subfield>
    </datafield>
    <datafield tag="440" ind1=" " ind2=" ">
      <subfield code="a">Proyecto de apoyo al mejoramiento de EGB 3 : zona norte y centro de la provincia de Santa Cruz</subfield>
      <subfield code="a">Lectores de Eudeba</subfield>
      <subfield code="a">Narrativas argentinas</subfield>
      <subfield code="a">Colección nuevo mundo</subfield>
      <subfield code="v">29</subfield>
    </datafield>
    <datafield tag="490" ind1=" " ind2=" ">
      <subfield code="a">Proyecto de apoyo al mejoramiento de EGB 3 : zona norte y centro de la provincia de Santa Cruz</subfield>
      <subfield code="a">Lectores de Eudeba</subfield>
      <subfield code="a">Narrativas argentinas</subfield>
      <subfield code="a">Colección nuevo mundo</subfield>
      <subfield code="v">29</subfield>
    </datafield>
    <datafield tag="650" ind1=" " ind2=" ">
      <subfield code="a"> VIAJE</subfield>
    </datafield>
    <datafield tag="650" ind1=" " ind2=" ">
      <subfield code="a"> ENSAYO</subfield>
    </datafield>
    <datafield tag="650" ind1=" " ind2=" ">
      <subfield code="a"> AMERICA LATINA</subfield>
    </datafield>
    <datafield tag="942" ind1=" " ind2=" ">
      <subfield code="c">BK</subfield>
    </datafield>
    <datafield tag="952" ind1=" " ind2=" ">
      <subfield code="a">BIB_RECT</subfield>
      <subfield code="b">BIB_UACO</subfield>
      <subfield code="d">2008-03-12</subfield>
      <subfield code="y">BK</subfield>
      <subfield code="p">02-01472</subfield>
      <subfield code="i">02-01472</subfield>
      <subfield code="g">10</subfield>
      <subfield code="o">910.4 T689e</subfield>
      <subfield code="e">Desconocido</subfield>
      <subfield code="8">CG</subfield>
    </datafield>
    <datafield tag="952" ind1=" " ind2=" ">
      <subfield code="a">BIB_RECT</subfield>
      <subfield code="b">BIB_UARG</subfield>
      <subfield code="d">2008-03-12</subfield>
      <subfield code="y">BK</subfield>
      <subfield code="p">05-06882</subfield>
      <subfield code="i">05-06882</subfield>
      <subfield code="g">10</subfield>
      <subfield code="o">910.4 T689e</subfield>
      <subfield code="e">90</subfield>
      <subfield code="8">CG</subfield>
    </datafield>
  </record>