
  <record>
    <leader>01000aam  22002601a 4500</leader>
    <controlfield tag="001">YPZ87790</controlfield>
    <controlfield tag="003">YPZ</controlfield>
    <controlfield tag="005">200803121441450</controlfield>
    <controlfield tag="008">080312|###########||||||b||||||||||spa|d</controlfield>
    <datafield tag="020" ind1=" " ind2=" ">
      <subfield code="a">9879731522</subfield>
    </datafield>
    <datafield tag="040" ind1=" " ind2=" ">
      <subfield code="c">SIUNPA</subfield>
    </datafield>
    <datafield tag="041" ind1=" " ind2=" ">
      <subfield code="a">spa</subfield>
    </datafield>
    <datafield tag="044" ind1=" " ind2=" ">
      <subfield code="a">AR</subfield>
    </datafield>
    <datafield tag="080" ind1=" " ind2=" ">
      <subfield code="a">902 G732a</subfield>
    </datafield>
    <datafield tag="100" ind1=" " ind2=" ">
      <subfield code="a">Gradin, Carlos J..</subfield>
    </datafield>
    <datafield tag="700" ind1=" " ind2=" ">
      <subfield code="a">Aguerre, Ana M..</subfield>
    </datafield>
    <datafield tag="700" ind1=" " ind2=" ">
      <subfield code="a">Albornoz, Ana María.</subfield>
    </datafield>
    <datafield tag="245" ind1=" " ind2=" ">
      <subfield code="a">Arqueología de Río Negro</subfield>
    </datafield>
    <datafield tag="260" ind1=" " ind2=" ">
      <subfield code="a">Viedma</subfield>
      <subfield code="b"> : Secretaría de Estado de Acción Social de Río Negro</subfield>
      <subfield code="c"> , 2003</subfield>
    </datafield>
    <datafield tag="650" ind1=" " ind2=" ">
      <subfield code="a"> ARQUEOLOGIA</subfield>
    </datafield>
    <datafield tag="650" ind1=" " ind2=" ">
      <subfield code="a"> RIO NEGRO (ARGENTINA)</subfield>
    </datafield>
    <datafield tag="942" ind1=" " ind2=" ">
      <subfield code="c">BK</subfield>
    </datafield>
    <datafield tag="952" ind1=" " ind2=" ">
      <subfield code="a">BIB_RECT</subfield>
      <subfield code="b">BIB_UARG</subfield>
      <subfield code="d">2008-03-10</subfield>
      <subfield code="y">BK</subfield>
      <subfield code="p">05-34554</subfield>
      <subfield code="i">05-34554</subfield>
      <subfield code="g">20</subfield>
      <subfield code="o">902 G732a</subfield>
      <subfield code="e">Desconocido</subfield>
      <subfield code="8">CG</subfield>
    </datafield>
    <datafield tag="952" ind1=" " ind2=" ">
      <subfield code="a">BIB_RECT</subfield>
      <subfield code="b">BIB_UARG</subfield>
      <subfield code="d">2008-03-10</subfield>
      <subfield code="y">BK</subfield>
      <subfield code="p">05-34555</subfield>
      <subfield code="i">05-34555</subfield>
      <subfield code="g">20</subfield>
      <subfield code="o">902 G732a</subfield>
      <subfield code="e">Desconocido</subfield>
      <subfield code="8">CG</subfield>
    </datafield>
    <datafield tag="952" ind1=" " ind2=" ">
      <subfield code="a">BIB_RECT</subfield>
      <subfield code="b">BIB_UARG</subfield>
      <subfield code="d">2014-09-03</subfield>
      <subfield code="y">BK</subfield>
      <subfield code="p">05-46494</subfield>
      <subfield code="i">05-46494</subfield>
      <subfield code="g">30</subfield>
      <subfield code="o">902 G732a</subfield>
      <subfield code="e">Donación Artesi, Liliana</subfield>
      <subfield code="8">CG</subfield>
    </datafield>
    <datafield tag="952" ind1=" " ind2=" ">
      <subfield code="a">BIB_RECT</subfield>
      <subfield code="b">BIB_UARG</subfield>
      <subfield code="d">2014-09-03</subfield>
      <subfield code="y">BK</subfield>
      <subfield code="p">05-46495</subfield>
      <subfield code="i">05-46495</subfield>
      <subfield code="g">30</subfield>
      <subfield code="o">902 G732a</subfield>
      <subfield code="e">Donación Artesi, Liliana</subfield>
      <subfield code="8">CG</subfield>
    </datafield>
  </record>