
  <record>
    <leader>01000aam  22002601a 4500</leader>
    <controlfield tag="001">YPZ87817</controlfield>
    <controlfield tag="003">YPZ</controlfield>
    <controlfield tag="005">200803131723110</controlfield>
    <controlfield tag="008">080313|###########||||||b||||||||||spa|d</controlfield>
    <datafield tag="020" ind1=" " ind2=" ">
      <subfield code="a">9871158432</subfield>
    </datafield>
    <datafield tag="040" ind1=" " ind2=" ">
      <subfield code="c">SIUNPA</subfield>
    </datafield>
    <datafield tag="041" ind1=" " ind2=" ">
      <subfield code="a">spa</subfield>
    </datafield>
    <datafield tag="044" ind1=" " ind2=" ">
      <subfield code="a">AR</subfield>
    </datafield>
    <datafield tag="080" ind1=" " ind2=" ">
      <subfield code="a">323.28 N897n</subfield>
    </datafield>
    <datafield tag="245" ind1=" " ind2=" ">
      <subfield code="a">Nosotras, presas políticas</subfield>
      <subfield code="b"> : 1974-1983</subfield>
      <subfield code="c"> / Begúan, Viviana, coord. ; Izaguirre, Inés, pról.</subfield>
    </datafield>
    <datafield tag="250" ind1=" " ind2=" ">
      <subfield code="a">1a ed.</subfield>
    </datafield>
    <datafield tag="260" ind1=" " ind2=" ">
      <subfield code="a">Bueno Aires</subfield>
      <subfield code="b"> : Nuestra América</subfield>
      <subfield code="c"> , 2006</subfield>
    </datafield>
    <datafield tag="300" ind1=" " ind2=" ">
      <subfield code="a">241 p. : </subfield>
      <subfield code="a">91  p. : </subfield>
      <subfield code="a">22 p. : </subfield>
      <subfield code="b">il. ; </subfield>
      <subfield code="a">24 p. : </subfield>
      <subfield code="b">il. ; </subfield>
      <subfield code="a">37 p. : </subfield>
      <subfield code="b">il. ; </subfield>
      <subfield code="a">87 p. : </subfield>
      <subfield code="b">il. ; </subfield>
      <subfield code="a">37  p. : </subfield>
      <subfield code="a">38  p. : </subfield>
      <subfield code="a">399 p. : </subfield>
      <subfield code="a">155 p. : </subfield>
      <subfield code="b">il. ; </subfield>
      <subfield code="a">156 p. : </subfield>
      <subfield code="a">439 p. : </subfield>
      <subfield code="a">55 p. : </subfield>
      <subfield code="a">158 p. : </subfield>
      <subfield code="a">235 p. : </subfield>
      <subfield code="a">151 p. : </subfield>
      <subfield code="a">110 p. : </subfield>
      <subfield code="b">il. ; </subfield>
      <subfield code="a">283 p. : </subfield>
      <subfield code="a">x, 335 p. : </subfield>
      <subfield code="a">109 p. : </subfield>
      <subfield code="b">cuadros ; </subfield>
      <subfield code="a">xiv, 274 p. : </subfield>
      <subfield code="b">il. ; </subfield>
      <subfield code="a">72 p. : </subfield>
      <subfield code="b">il. ; </subfield>
      <subfield code="a">1 v. (en varias paginaciones) : </subfield>
      <subfield code="b">il. ; </subfield>
      <subfield code="a">477 p. : </subfield>
      <subfield code="a">194 p. : </subfield>
      <subfield code="a">269 p. : </subfield>
      <subfield code="a">553 p. : </subfield>
      <subfield code="a">154 p. : </subfield>
      <subfield code="a">464 p. : </subfield>
      <subfield code="a">150 p. : </subfield>
      <subfield code="b">il. ; </subfield>
      <subfield code="a">198 p. : </subfield>
      <subfield code="a">186 p. : </subfield>
      <subfield code="b">cuadros ; </subfield>
      <subfield code="a">791 p. : </subfield>
      <subfield code="a">85 p. : </subfield>
      <subfield code="b">il. ; </subfield>
      <subfield code="a">542 p. : </subfield>
      <subfield code="b">il. ; </subfield>
      <subfield code="a">715 p. : </subfield>
      <subfield code="b">il. ; </subfield>
      <subfield code="a">xxvi, 271 p. : </subfield>
      <subfield code="b">il. ; </subfield>
      <subfield code="a">483 p. : </subfield>
      <subfield code="b">il. ; </subfield>
      <subfield code="e">1 CD-ROM en bolsillo</subfield>
    </datafield>
    <datafield tag="500" ind1=" " ind2=" ">
      <subfield code="a">Obra colectiva de 112 prisioneras políticas entre 1974 y 1983</subfield>
    </datafield>
    <datafield tag="505" ind1=" " ind2=" ">
      <subfield code="a">Contenido del CD ROM: quinientas cartas tipeadas del original, escritas desde la cárcel.</subfield>
    </datafield>
    <datafield tag="505" ind1=" " ind2=" ">
      <subfield code="a">Documento `normas y procedimientos carcelarios impuestos a presos por razones políticas año 1974 a 1983`, de Carlos Guillermo Suárez Mason, general de división, Cte. Z 1.</subfield>
    </datafield>
    <datafield tag="505" ind1=" " ind2=" ">
      <subfield code="a">Fotos de la cárcel de Villa Devoto</subfield>
    </datafield>
    <datafield tag="650" ind1=" " ind2=" ">
      <subfield code="a"> DERECHOS HUMANOS</subfield>
    </datafield>
    <datafield tag="650" ind1=" " ind2=" ">
      <subfield code="a"> TERRORISMO DE ESTADO</subfield>
    </datafield>
    <datafield tag="650" ind1=" " ind2=" ">
      <subfield code="a"> HISTORIA ARGENTINA</subfield>
    </datafield>
    <datafield tag="942" ind1=" " ind2=" ">
      <subfield code="c">BK</subfield>
    </datafield>
    <datafield tag="952" ind1=" " ind2=" ">
      <subfield code="a">BIB_RECT</subfield>
      <subfield code="b">BIB_UARG</subfield>
      <subfield code="d">2008-03-10</subfield>
      <subfield code="y">BK</subfield>
      <subfield code="p">05-34550</subfield>
      <subfield code="i">05-34550</subfield>
      <subfield code="g">25</subfield>
      <subfield code="o">323.28 N897n</subfield>
      <subfield code="e">Donación prof. Bona, Aixa</subfield>
      <subfield code="8">CG</subfield>
    </datafield>
  </record>