
  <record>
    <leader>01000aam  22002601a 4500</leader>
    <controlfield tag="001">YPZ87865</controlfield>
    <controlfield tag="003">YPZ</controlfield>
    <controlfield tag="005">200803181051570</controlfield>
    <controlfield tag="008">080318|###########||||||b||||||||||spa|d</controlfield>
    <datafield tag="040" ind1=" " ind2=" ">
      <subfield code="c">SIUNPA</subfield>
    </datafield>
    <datafield tag="041" ind1=" " ind2=" ">
      <subfield code="a">spa</subfield>
      <subfield code="a">eng</subfield>
    </datafield>
    <datafield tag="044" ind1=" " ind2=" ">
      <subfield code="a">AR</subfield>
    </datafield>
    <datafield tag="080" ind1=" " ind2=" ">
      <subfield code="a">7(083.824) E595a</subfield>
    </datafield>
    <datafield tag="100" ind1=" " ind2=" ">
      <subfield code="a">Enrici, Aldo.</subfield>
    </datafield>
    <datafield tag="700" ind1=" " ind2=" ">
      <subfield code="a">Marín, Matilde.</subfield>
    </datafield>
    <datafield tag="245" ind1=" " ind2=" ">
      <subfield code="a">Atmósfera</subfield>
      <subfield code="b"> : las formas del fín</subfield>
      <subfield code="c"> / Fuertes Goth, María Cristina, tr. ; Marín, Matilde, coordinación y rev. de textos</subfield>
    </datafield>
    <datafield tag="260" ind1=" " ind2=" ">
      <subfield code="a">Río Gallegos</subfield>
      <subfield code="b"> : Complejo Cultural Santa Cruz</subfield>
      <subfield code="c"> , 2007</subfield>
    </datafield>
    <datafield tag="650" ind1=" " ind2=" ">
      <subfield code="a"> FOTOGRAFIA  ARTES PLASTICAS</subfield>
    </datafield>
    <datafield tag="650" ind1=" " ind2=" ">
      <subfield code="a"> SANTA CRUZ (ARGENTINA)</subfield>
    </datafield>
    <datafield tag="650" ind1=" " ind2=" ">
      <subfield code="a"> ARTE CONTEMPORANEO</subfield>
    </datafield>
    <datafield tag="650" ind1=" " ind2=" ">
      <subfield code="a"> CATALOGOS DE EXPOSICIONES</subfield>
    </datafield>
    <datafield tag="942" ind1=" " ind2=" ">
      <subfield code="c">BK</subfield>
    </datafield>
    <datafield tag="952" ind1=" " ind2=" ">
      <subfield code="a">BIB_RECT</subfield>
      <subfield code="b">BIB_UACO</subfield>
      <subfield code="d">2008-06-03</subfield>
      <subfield code="y">BK</subfield>
      <subfield code="p">02-35853</subfield>
      <subfield code="i">02-35853</subfield>
      <subfield code="g">22</subfield>
      <subfield code="o">7(083.824) E595a</subfield>
      <subfield code="e">Canje</subfield>
      <subfield code="8">CG</subfield>
    </datafield>
    <datafield tag="952" ind1=" " ind2=" ">
      <subfield code="a">BIB_RECT</subfield>
      <subfield code="b">BIB_UART</subfield>
      <subfield code="d">2008-06-04</subfield>
      <subfield code="y">BK</subfield>
      <subfield code="p">03-35856</subfield>
      <subfield code="i">03-35856</subfield>
      <subfield code="g">22</subfield>
      <subfield code="o">7(083.824) E595a</subfield>
      <subfield code="e">Canje</subfield>
      <subfield code="8">CG</subfield>
    </datafield>
    <datafield tag="952" ind1=" " ind2=" ">
      <subfield code="a">BIB_RECT</subfield>
      <subfield code="b">BIB_UASJ</subfield>
      <subfield code="d">2008-06-03</subfield>
      <subfield code="y">BK</subfield>
      <subfield code="p">04-35832</subfield>
      <subfield code="i">04-35832</subfield>
      <subfield code="g">22</subfield>
      <subfield code="o">7(083.824) E595a</subfield>
      <subfield code="e">Canje</subfield>
      <subfield code="8">CG</subfield>
    </datafield>
    <datafield tag="952" ind1=" " ind2=" ">
      <subfield code="a">BIB_RECT</subfield>
      <subfield code="b">BIB_UARG</subfield>
      <subfield code="d">2008-03-11</subfield>
      <subfield code="y">BK</subfield>
      <subfield code="p">05-34586</subfield>
      <subfield code="i">05-34586</subfield>
      <subfield code="g">22</subfield>
      <subfield code="o">7(083.824) E595a</subfield>
      <subfield code="e">Donación Dir. Zárate, Rúben</subfield>
      <subfield code="8">CG</subfield>
    </datafield>
    <datafield tag="952" ind1=" " ind2=" ">
      <subfield code="a">BIB_RECT</subfield>
      <subfield code="b">BIB_UARG</subfield>
      <subfield code="d">2008-10-21</subfield>
      <subfield code="y">BK</subfield>
      <subfield code="p">05-36614</subfield>
      <subfield code="i">05-36614</subfield>
      <subfield code="g">22</subfield>
      <subfield code="o">7(083.824) E595a</subfield>
      <subfield code="e">Canje</subfield>
      <subfield code="8">CG</subfield>
    </datafield>
    <datafield tag="952" ind1=" " ind2=" ">
      <subfield code="a">BIB_RECT</subfield>
      <subfield code="b">BIB_UARG</subfield>
      <subfield code="d">2008-10-21</subfield>
      <subfield code="y">BK</subfield>
      <subfield code="p">05-36615</subfield>
      <subfield code="i">05-36615</subfield>
      <subfield code="g">22</subfield>
      <subfield code="o">7(083.824) E595a</subfield>
      <subfield code="e">Canje</subfield>
      <subfield code="8">CG</subfield>
    </datafield>
  </record>