
  <record>
    <leader>01000aam  22002601a 4500</leader>
    <controlfield tag="001">YPZ87867</controlfield>
    <controlfield tag="003">YPZ</controlfield>
    <controlfield tag="005">200803181100540</controlfield>
    <controlfield tag="008">080318|###########||||||b||||||||||spa|d</controlfield>
    <datafield tag="040" ind1=" " ind2=" ">
      <subfield code="c">SIUNPA</subfield>
    </datafield>
    <datafield tag="041" ind1=" " ind2=" ">
      <subfield code="a">spa</subfield>
    </datafield>
    <datafield tag="044" ind1=" " ind2=" ">
      <subfield code="a">AR</subfield>
    </datafield>
    <datafield tag="080" ind1=" " ind2=" ">
      <subfield code="a">821.134.2(7/8) D559d</subfield>
    </datafield>
    <datafield tag="245" ind1=" " ind2=" ">
      <subfield code="a">17 cuentos hispanoamericanos</subfield>
      <subfield code="c"> / Battilana, Beatríz G. de, selección, estudio introd., notas explicativas, análisis de textos y trabajos prácticos ; Noriega, Néstor Alfredo, selección, estudio introd., notas explicativas, análisis de textos y trabajos prácticos</subfield>
    </datafield>
    <datafield tag="250" ind1=" " ind2=" ">
      <subfield code="a">2a ed.</subfield>
    </datafield>
    <datafield tag="260" ind1=" " ind2=" ">
      <subfield code="a">Rosario</subfield>
      <subfield code="b"> : Apis</subfield>
      <subfield code="c"> , 1978</subfield>
    </datafield>
    <datafield tag="440" ind1=" " ind2=" ">
      <subfield code="a">Serie publicaciones CEHIR</subfield>
      <subfield code="a">Serie publicaciones CEHIR</subfield>
      <subfield code="a">Colección Hispanoamérica|Biblioteca maestros del idioma</subfield>
      <subfield code="v">v. 5|v. 18</subfield>
    </datafield>
    <datafield tag="490" ind1=" " ind2=" ">
      <subfield code="a">Serie publicaciones CEHIR</subfield>
      <subfield code="a">Serie publicaciones CEHIR</subfield>
      <subfield code="a">Colección Hispanoamérica|Biblioteca maestros del idioma</subfield>
      <subfield code="v">v. 5|v. 18</subfield>
    </datafield>
    <datafield tag="650" ind1=" " ind2=" ">
      <subfield code="a"> LITERATURA LATINOAMERICANA</subfield>
    </datafield>
    <datafield tag="650" ind1=" " ind2=" ">
      <subfield code="a"> CUENTO</subfield>
    </datafield>
    <datafield tag="650" ind1=" " ind2=" ">
      <subfield code="a"> ANTOLOGIA</subfield>
    </datafield>
    <datafield tag="942" ind1=" " ind2=" ">
      <subfield code="c">BK</subfield>
    </datafield>
    <datafield tag="952" ind1=" " ind2=" ">
      <subfield code="a">BIB_RECT</subfield>
      <subfield code="b">BIB_UACO</subfield>
      <subfield code="d">2008-03-18</subfield>
      <subfield code="y">BK</subfield>
      <subfield code="p">02-01498</subfield>
      <subfield code="i">02-01498</subfield>
      <subfield code="g">12</subfield>
      <subfield code="o">821.134.2(7/8) D559d</subfield>
      <subfield code="e">Desconocido</subfield>
      <subfield code="8">CG</subfield>
    </datafield>
  </record>