
  <record>
    <leader>01000aam  22002601a 4500</leader>
    <controlfield tag="001">YPZ87877</controlfield>
    <controlfield tag="003">YPZ</controlfield>
    <controlfield tag="005">200803181251420</controlfield>
    <controlfield tag="008">080318|###########||||||b||||||||||spa|d</controlfield>
    <datafield tag="020" ind1=" " ind2=" ">
      <subfield code="a">9501630854</subfield>
    </datafield>
    <datafield tag="040" ind1=" " ind2=" ">
      <subfield code="c">SIUNPA</subfield>
    </datafield>
    <datafield tag="041" ind1=" " ind2=" ">
      <subfield code="a">spa</subfield>
    </datafield>
    <datafield tag="044" ind1=" " ind2=" ">
      <subfield code="a">AR</subfield>
    </datafield>
    <datafield tag="080" ind1=" " ind2=" ">
      <subfield code="a">371.3 S582a</subfield>
    </datafield>
    <datafield tag="100" ind1=" " ind2=" ">
      <subfield code="a">Silberman, Mel.</subfield>
    </datafield>
    <datafield tag="245" ind1=" " ind2=" ">
      <subfield code="a">Aprendizaje activo</subfield>
      <subfield code="b"> : 101 estrategias para enseñar cualquier materia</subfield>
      <subfield code="c"> / Oklander, Adriana, tr.</subfield>
    </datafield>
    <datafield tag="250" ind1=" " ind2=" ">
      <subfield code="a">1a ed.</subfield>
    </datafield>
    <datafield tag="260" ind1=" " ind2=" ">
      <subfield code="a">Buenos Aires</subfield>
      <subfield code="b"> : Troquel</subfield>
      <subfield code="c"> , c1998</subfield>
    </datafield>
    <datafield tag="500" ind1=" " ind2=" ">
      <subfield code="a">La fecha de reimpresión varía según el ejemplar</subfield>
    </datafield>
    <datafield tag="650" ind1=" " ind2=" ">
      <subfield code="a"> METODOS DE ENSEÑANZA</subfield>
    </datafield>
    <datafield tag="650" ind1=" " ind2=" ">
      <subfield code="a"> PROCESO ENSEÑANZA</subfield>
    </datafield>
    <datafield tag="650" ind1=" " ind2=" ">
      <subfield code="a">APRENDIZAJE</subfield>
    </datafield>
    <datafield tag="942" ind1=" " ind2=" ">
      <subfield code="c">BK</subfield>
    </datafield>
    <datafield tag="952" ind1=" " ind2=" ">
      <subfield code="a">BIB_RECT</subfield>
      <subfield code="b">BIB_UACO</subfield>
      <subfield code="d">2008-03-18</subfield>
      <subfield code="y">BK</subfield>
      <subfield code="p">02-34602</subfield>
      <subfield code="i">02-34602</subfield>
      <subfield code="g">32</subfield>
      <subfield code="o">371.3 S582a</subfield>
      <subfield code="e">SIUNPA</subfield>
      <subfield code="8">CG</subfield>
    </datafield>
    <datafield tag="952" ind1=" " ind2=" ">
      <subfield code="a">BIB_RECT</subfield>
      <subfield code="b">BIB_UACO</subfield>
      <subfield code="d">2008-03-18</subfield>
      <subfield code="y">BK</subfield>
      <subfield code="p">02-34603</subfield>
      <subfield code="i">02-34603</subfield>
      <subfield code="g">32</subfield>
      <subfield code="o">371.3 S582a</subfield>
      <subfield code="e">SIUNPA</subfield>
      <subfield code="8">CG</subfield>
    </datafield>
    <datafield tag="952" ind1=" " ind2=" ">
      <subfield code="a">BIB_RECT</subfield>
      <subfield code="b">BIB_UART</subfield>
      <subfield code="d">2008-03-18</subfield>
      <subfield code="y">BK</subfield>
      <subfield code="p">03-00729</subfield>
      <subfield code="i">03-00729</subfield>
      <subfield code="g">32</subfield>
      <subfield code="o">371.3 S582a</subfield>
      <subfield code="e">FOMEC N° 9/99</subfield>
      <subfield code="8">CG</subfield>
    </datafield>
  </record>