
  <record>
    <leader>01000aam  22002601a 4500</leader>
    <controlfield tag="001">YPZ87887</controlfield>
    <controlfield tag="003">YPZ</controlfield>
    <controlfield tag="005">200803181823240</controlfield>
    <controlfield tag="008">080318|###########||||||b||||||||||spa|d</controlfield>
    <datafield tag="020" ind1=" " ind2=" ">
      <subfield code="a">8430926062</subfield>
    </datafield>
    <datafield tag="040" ind1=" " ind2=" ">
      <subfield code="c">SIUNPA</subfield>
    </datafield>
    <datafield tag="041" ind1=" " ind2=" ">
      <subfield code="a">spa</subfield>
    </datafield>
    <datafield tag="044" ind1=" " ind2=" ">
      <subfield code="a">ES</subfield>
    </datafield>
    <datafield tag="080" ind1=" " ind2=" ">
      <subfield code="a">349.6 L514l2</subfield>
    </datafield>
    <datafield tag="240" ind1=" " ind2=" ">
      <subfield code="a">España. Leyes, etc.</subfield>
    </datafield>
    <datafield tag="245" ind1=" " ind2=" ">
      <subfield code="a">Legislación del medio ambiente</subfield>
      <subfield code="c"> / Delgado Piqueras, Francisco, ed. ; Moreno Molina, José Antonio, ed. ; Garrido Cuenca, Nuria, ed. ; Sánchez Morón, Miguel, dir. y coordinación</subfield>
    </datafield>
    <datafield tag="250" ind1=" " ind2=" ">
      <subfield code="a">2a ed.</subfield>
    </datafield>
    <datafield tag="260" ind1=" " ind2=" ">
      <subfield code="a">Madrid</subfield>
      <subfield code="b"> : Tecnos</subfield>
      <subfield code="c"> , 1995</subfield>
    </datafield>
    <datafield tag="440" ind1=" " ind2=" ">
      <subfield code="a">Ecological issues series</subfield>
      <subfield code="a"/>
      <subfield code="a">Colección comunicación y crítica cultural</subfield>
      <subfield code="a">Biblioteca de textos legales</subfield>
      <subfield code="v">146</subfield>
    </datafield>
    <datafield tag="490" ind1=" " ind2=" ">
      <subfield code="a">Ecological issues series</subfield>
      <subfield code="a"/>
      <subfield code="a">Colección comunicación y crítica cultural</subfield>
      <subfield code="a">Biblioteca de textos legales</subfield>
      <subfield code="v">146</subfield>
    </datafield>
    <datafield tag="650" ind1=" " ind2=" ">
      <subfield code="a"> DERECHO AMBIENTAL</subfield>
    </datafield>
    <datafield tag="650" ind1=" " ind2=" ">
      <subfield code="a"> MEDIO AMBIENTE</subfield>
    </datafield>
    <datafield tag="650" ind1=" " ind2=" ">
      <subfield code="a"> ESPAÑA</subfield>
    </datafield>
    <datafield tag="942" ind1=" " ind2=" ">
      <subfield code="c">BK</subfield>
    </datafield>
    <datafield tag="952" ind1=" " ind2=" ">
      <subfield code="a">BIB_RECT</subfield>
      <subfield code="b">BIB_UART</subfield>
      <subfield code="d">2008-03-14</subfield>
      <subfield code="y">BK</subfield>
      <subfield code="p">03-34621</subfield>
      <subfield code="i">03-34621</subfield>
      <subfield code="g">207.1</subfield>
      <subfield code="o">349.6 L514l2</subfield>
      <subfield code="e">SIUNPA</subfield>
      <subfield code="8">CG</subfield>
    </datafield>
  </record>