
  <record>
    <leader>01000aam  22002601a 4500</leader>
    <controlfield tag="001">YPZ87899</controlfield>
    <controlfield tag="003">YPZ</controlfield>
    <controlfield tag="005">200803191706180</controlfield>
    <controlfield tag="008">080319|###########||||||b||||||||||spa|d</controlfield>
    <datafield tag="020" ind1=" " ind2=" ">
      <subfield code="a">2831702879</subfield>
    </datafield>
    <datafield tag="040" ind1=" " ind2=" ">
      <subfield code="c">SIUNPA</subfield>
    </datafield>
    <datafield tag="041" ind1=" " ind2=" ">
      <subfield code="a">eng</subfield>
    </datafield>
    <datafield tag="044" ind1=" " ind2=" ">
      <subfield code="a">UK</subfield>
    </datafield>
    <datafield tag="080" ind1=" " ind2=" ">
      <subfield code="a">502.74 A846a</subfield>
    </datafield>
    <datafield tag="245" ind1=" " ind2=" ">
      <subfield code="a">Assessing the sustainability of uses of wild species</subfield>
      <subfield code="b"> : case studies and initial assessment procedure</subfield>
      <subfield code="c"> / Prescott-Allen, Robert, ed. ; Prescott-Allen, Christine, ed.</subfield>
    </datafield>
    <datafield tag="260" ind1=" " ind2=" ">
      <subfield code="a">Cambridge</subfield>
      <subfield code="b"> : International Union for Conservation of Nature and Natural Resources</subfield>
      <subfield code="c"> , 1996</subfield>
    </datafield>
    <datafield tag="440" ind1=" " ind2=" ">
      <subfield code="a">Texts in statistical science</subfield>
      <subfield code="a">Occasional paper of the IUCN Species Survival Commission</subfield>
      <subfield code="v">12</subfield>
    </datafield>
    <datafield tag="490" ind1=" " ind2=" ">
      <subfield code="a">Texts in statistical science</subfield>
      <subfield code="a">Occasional paper of the IUCN Species Survival Commission</subfield>
      <subfield code="v">12</subfield>
    </datafield>
    <datafield tag="650" ind1=" " ind2=" ">
      <subfield code="a"> ECOLOGIA ANIMAL</subfield>
    </datafield>
    <datafield tag="650" ind1=" " ind2=" ">
      <subfield code="a"> CONSERVACION DE LA FAUNA SILVESTRE</subfield>
    </datafield>
    <datafield tag="942" ind1=" " ind2=" ">
      <subfield code="c">BK</subfield>
    </datafield>
    <datafield tag="952" ind1=" " ind2=" ">
      <subfield code="a">BIB_RECT</subfield>
      <subfield code="b">BIB_UARG</subfield>
      <subfield code="d">2008-03-14</subfield>
      <subfield code="y">BK</subfield>
      <subfield code="p">05-34614</subfield>
      <subfield code="i">05-34614</subfield>
      <subfield code="g">177.7</subfield>
      <subfield code="o">502.74 A846a</subfield>
      <subfield code="e">SIUNPA</subfield>
      <subfield code="8">CG</subfield>
    </datafield>
  </record>