
  <record>
    <leader>01000aam  22002601a 4500</leader>
    <controlfield tag="001">YPZ87904</controlfield>
    <controlfield tag="003">YPZ</controlfield>
    <controlfield tag="005">200803251518490</controlfield>
    <controlfield tag="008">080325|###########||||||b||||||||||spa|d</controlfield>
    <datafield tag="020" ind1=" " ind2=" ">
      <subfield code="a">047087001X</subfield>
    </datafield>
    <datafield tag="040" ind1=" " ind2=" ">
      <subfield code="c">SIUNPA</subfield>
    </datafield>
    <datafield tag="041" ind1=" " ind2=" ">
      <subfield code="a">eng</subfield>
    </datafield>
    <datafield tag="044" ind1=" " ind2=" ">
      <subfield code="a">US</subfield>
    </datafield>
    <datafield tag="080" ind1=" " ind2=" ">
      <subfield code="a">910.1 G345g2 abr.</subfield>
    </datafield>
    <datafield tag="100" ind1=" " ind2=" ">
      <subfield code="a">Longley, Paul A., ed..</subfield>
    </datafield>
    <datafield tag="700" ind1=" " ind2=" ">
      <subfield code="a">Goodchild, Michael, F., ed..</subfield>
    </datafield>
    <datafield tag="700" ind1=" " ind2=" ">
      <subfield code="a">Maguire, David J., ed..</subfield>
    </datafield>
    <datafield tag="700" ind1=" " ind2=" ">
      <subfield code="a">Rhind, David W., ed..</subfield>
    </datafield>
    <datafield tag="245" ind1=" " ind2=" ">
      <subfield code="a">Geographical information systems</subfield>
      <subfield code="b"> : principles, techniques, management, and applications</subfield>
    </datafield>
    <datafield tag="250" ind1=" " ind2=" ">
      <subfield code="a">2nd ed. abridged</subfield>
    </datafield>
    <datafield tag="260" ind1=" " ind2=" ">
      <subfield code="a">Hoboken, N.J.</subfield>
      <subfield code="b"> : Wiley</subfield>
      <subfield code="c"> , 2005</subfield>
    </datafield>
    <datafield tag="300" ind1=" " ind2=" ">
      <subfield code="a">416 p. : </subfield>
      <subfield code="b">il. ; </subfield>
      <subfield code="a">157 p. : </subfield>
      <subfield code="b">il. ; </subfield>
      <subfield code="a">200 p. : </subfield>
      <subfield code="a">90 p. : </subfield>
      <subfield code="a">223 p. : </subfield>
      <subfield code="a">1179 p. : </subfield>
      <subfield code="a">xi, 1799 p. : </subfield>
      <subfield code="b">il. ; </subfield>
      <subfield code="a">xix, 635 p. : </subfield>
      <subfield code="a">40 p. : </subfield>
      <subfield code="b">il. ; </subfield>
      <subfield code="a">486 p. : </subfield>
      <subfield code="a">117 p. : </subfield>
      <subfield code="b">il. ; </subfield>
      <subfield code="a">288 p. : </subfield>
      <subfield code="a">113  p. : </subfield>
      <subfield code="b">il. ; </subfield>
      <subfield code="a">135 p. : </subfield>
      <subfield code="a">314 p. : </subfield>
      <subfield code="b">il. ; </subfield>
      <subfield code="a">v. : </subfield>
      <subfield code="b">il. ; </subfield>
      <subfield code="a">329 p. : </subfield>
      <subfield code="b">cuadros ; </subfield>
      <subfield code="a">411 p. : </subfield>
      <subfield code="a">160 p. : </subfield>
      <subfield code="a">93 p. : </subfield>
      <subfield code="a">351 p. : </subfield>
      <subfield code="a">152 p. : </subfield>
      <subfield code="a">70 p. : </subfield>
      <subfield code="b">il. ; </subfield>
      <subfield code="a">73 p. : </subfield>
      <subfield code="b">il. ; </subfield>
      <subfield code="a">61 p. : </subfield>
      <subfield code="b">il. ; </subfield>
      <subfield code="a">70 p. : </subfield>
      <subfield code="b">il. ; </subfield>
      <subfield code="a">91 p. : </subfield>
      <subfield code="b">il. ; </subfield>
      <subfield code="a">486 p. : </subfield>
      <subfield code="b">cuadros ; </subfield>
      <subfield code="a">489 p. : </subfield>
      <subfield code="b">cuadros, gráf. ; </subfield>
      <subfield code="a">100 p. : </subfield>
      <subfield code="b">il. ; </subfield>
      <subfield code="a">156 p. : </subfield>
      <subfield code="a">311 p. : </subfield>
      <subfield code="a">229 p. : </subfield>
      <subfield code="a">365 p. : </subfield>
      <subfield code="a">232 p. : </subfield>
      <subfield code="b">il. ; </subfield>
      <subfield code="a">148 p. : </subfield>
      <subfield code="a">187 p. : </subfield>
      <subfield code="a">199 p. : </subfield>
      <subfield code="a">v. : </subfield>
      <subfield code="a">ix, 116 p. : </subfield>
      <subfield code="a">xix, 272 p. : </subfield>
      <subfield code="a">206 p. : </subfield>
      <subfield code="b">il. ; </subfield>
      <subfield code="a">268 p. : </subfield>
      <subfield code="b">il. ; </subfield>
      <subfield code="a">568 p. : </subfield>
      <subfield code="b">il. ; </subfield>
      <subfield code="a">vi, 89 p. : </subfield>
      <subfield code="b">il. ; </subfield>
      <subfield code="a">272 p. : </subfield>
      <subfield code="a">798 p. : </subfield>
      <subfield code="b">fot. ; </subfield>
      <subfield code="a">311 p. : </subfield>
      <subfield code="b">cuadros ; </subfield>
      <subfield code="a">280 p. : </subfield>
      <subfield code="a">157 p. : </subfield>
      <subfield code="a">245 p. : </subfield>
      <subfield code="b">cuadros ; </subfield>
      <subfield code="a">1076 p. : </subfield>
      <subfield code="a">216 p. : </subfield>
      <subfield code="b">il. ; </subfield>
      <subfield code="a">xxiii, 600 p. : </subfield>
      <subfield code="b">il. ; </subfield>
      <subfield code="a">xxxv, 700 p. : </subfield>
      <subfield code="b">il. ; </subfield>
      <subfield code="a">256 p. : </subfield>
      <subfield code="b">il. ; </subfield>
      <subfield code="a">143 p. : </subfield>
      <subfield code="b">il. ; </subfield>
      <subfield code="a">xiv, 594 p. : </subfield>
      <subfield code="b">il. ; </subfield>
      <subfield code="a">xiii, 365 p. : </subfield>
      <subfield code="b">il. ; </subfield>
      <subfield code="a">431 p. : </subfield>
      <subfield code="b">il. ; </subfield>
      <subfield code="a">ix, 213 p. : </subfield>
      <subfield code="b">il. ; </subfield>
      <subfield code="a">xv, 421 p. : </subfield>
      <subfield code="a">xvi, 472 p. : </subfield>
      <subfield code="b">il. ; </subfield>
      <subfield code="a">iv, 135 p. : </subfield>
      <subfield code="a">xiii, 238 p. : </subfield>
      <subfield code="b">il. ; </subfield>
      <subfield code="a">320 p. : </subfield>
      <subfield code="a">xix, 572 p. : </subfield>
      <subfield code="b">il. ; </subfield>
      <subfield code="a">xlv, 358 p. : </subfield>
      <subfield code="b">il. ; </subfield>
      <subfield code="e">1 CD-ROM en bolsillo</subfield>
    </datafield>
    <datafield tag="650" ind1=" " ind2=" ">
      <subfield code="a"> SISTEMAS DE INFORMACION GEOGRAFICA</subfield>
    </datafield>
    <datafield tag="942" ind1=" " ind2=" ">
      <subfield code="c">BK</subfield>
    </datafield>
    <datafield tag="952" ind1=" " ind2=" ">
      <subfield code="a">BIB_RECT</subfield>
      <subfield code="b">BIB_UACO</subfield>
      <subfield code="d">2008-03-25</subfield>
      <subfield code="y">BK</subfield>
      <subfield code="p">02-34692</subfield>
      <subfield code="i">02-34692</subfield>
      <subfield code="g">200</subfield>
      <subfield code="o">910.1 G345g2 abr.</subfield>
      <subfield code="e">Compra UACO</subfield>
      <subfield code="8">CG</subfield>
    </datafield>
    <datafield tag="952" ind1=" " ind2=" ">
      <subfield code="a">BIB_RECT</subfield>
      <subfield code="b">BIB_UACO</subfield>
      <subfield code="d">2008-03-25</subfield>
      <subfield code="y">BK</subfield>
      <subfield code="p">02-34693</subfield>
      <subfield code="i">02-34693</subfield>
      <subfield code="g">200</subfield>
      <subfield code="o">910.1 G345g2 abr.</subfield>
      <subfield code="e">Compra UACO</subfield>
      <subfield code="8">CG</subfield>
    </datafield>
  </record>