
  <record>
    <leader>01000aam  22002601a 4500</leader>
    <controlfield tag="001">YPZ87932</controlfield>
    <controlfield tag="003">YPZ</controlfield>
    <controlfield tag="005">200803261828310</controlfield>
    <controlfield tag="008">080326|###########||||||b||||||||||spa|d</controlfield>
    <datafield tag="020" ind1=" " ind2=" ">
      <subfield code="a">9702607574</subfield>
    </datafield>
    <datafield tag="040" ind1=" " ind2=" ">
      <subfield code="c">SIUNPA</subfield>
    </datafield>
    <datafield tag="041" ind1=" " ind2=" ">
      <subfield code="a">spa</subfield>
    </datafield>
    <datafield tag="044" ind1=" " ind2=" ">
      <subfield code="a">MX</subfield>
    </datafield>
    <datafield tag="080" ind1=" " ind2=" ">
      <subfield code="a">536.7 R749t6</subfield>
    </datafield>
    <datafield tag="100" ind1=" " ind2=" ">
      <subfield code="a">Rolle, Kurt C..</subfield>
    </datafield>
    <datafield tag="245" ind1=" " ind2=" ">
      <subfield code="a">Termodinámica</subfield>
      <subfield code="b"> : sexta edición</subfield>
      <subfield code="c"> / González y Pozo, Virgilio, tr. ; Bravo Ortega, Armando, rev. técnica ; Cobos Téllez, Rodolfo Raúl, rev. técnica ; Díaz Ramírez, Néstor L., rev. técnica ; Gánem Corvera, Ricardo, rev. técnica ; Flores Rosas, Misael, rev. técnica ; Campos Haas, Rafael, rev. técnica ; Muñoz Hernández, Genaro, rev. técnica ; López Callejas, Raymundo, rev. técnica</subfield>
    </datafield>
    <datafield tag="250" ind1=" " ind2=" ">
      <subfield code="a">6a ed.</subfield>
    </datafield>
    <datafield tag="260" ind1=" " ind2=" ">
      <subfield code="a">Naucalpan de Juárez</subfield>
      <subfield code="b"> : Pearson Educación</subfield>
      <subfield code="c"> , 2006</subfield>
    </datafield>
    <datafield tag="650" ind1=" " ind2=" ">
      <subfield code="a"> TERMODINAMICA</subfield>
    </datafield>
    <datafield tag="942" ind1=" " ind2=" ">
      <subfield code="c">BK</subfield>
    </datafield>
    <datafield tag="952" ind1=" " ind2=" ">
      <subfield code="a">BIB_RECT</subfield>
      <subfield code="b">BIB_UARG</subfield>
      <subfield code="d">2008-03-26</subfield>
      <subfield code="y">BK</subfield>
      <subfield code="p">05-34763</subfield>
      <subfield code="i">05-34763</subfield>
      <subfield code="g">59</subfield>
      <subfield code="o">536.7 R749t6</subfield>
      <subfield code="e">Compra UARG</subfield>
      <subfield code="8">CG</subfield>
    </datafield>
    <datafield tag="952" ind1=" " ind2=" ">
      <subfield code="a">BIB_RECT</subfield>
      <subfield code="b">BIB_UARG</subfield>
      <subfield code="d">2008-03-26</subfield>
      <subfield code="y">BK</subfield>
      <subfield code="p">05-34764</subfield>
      <subfield code="i">05-34764</subfield>
      <subfield code="g">59</subfield>
      <subfield code="o">536.7 R749t6</subfield>
      <subfield code="e">Compra UARG</subfield>
      <subfield code="8">CG</subfield>
    </datafield>
  </record>