
  <record>
    <leader>01000aam  22002601a 4500</leader>
    <controlfield tag="001">YPZ87934</controlfield>
    <controlfield tag="003">YPZ</controlfield>
    <controlfield tag="005">200803271056390</controlfield>
    <controlfield tag="008">080327|###########||||||b||||||||||spa|d</controlfield>
    <datafield tag="020" ind1=" " ind2=" ">
      <subfield code="a">9879049055</subfield>
    </datafield>
    <datafield tag="040" ind1=" " ind2=" ">
      <subfield code="c">SIUNPA</subfield>
    </datafield>
    <datafield tag="041" ind1=" " ind2=" ">
      <subfield code="a">spa</subfield>
    </datafield>
    <datafield tag="044" ind1=" " ind2=" ">
      <subfield code="a">AR</subfield>
    </datafield>
    <datafield tag="080" ind1=" " ind2=" ">
      <subfield code="a">821.111(411) S847e</subfield>
    </datafield>
    <datafield tag="100" ind1=" " ind2=" ">
      <subfield code="a">Stevenson, Robert Louis.</subfield>
    </datafield>
    <datafield tag="245" ind1=" " ind2=" ">
      <subfield code="a">El extraño caso del Dr. Jekyll y del Sr. Hyde</subfield>
      <subfield code="c"> / Club, Joseph, tr.</subfield>
    </datafield>
    <datafield tag="260" ind1=" " ind2=" ">
      <subfield code="a">Buenos Aires</subfield>
      <subfield code="b"> : Nuevo Siglo</subfield>
      <subfield code="c"> , c1994</subfield>
    </datafield>
    <datafield tag="440" ind1=" " ind2=" ">
      <subfield code="a">Paso a paso</subfield>
      <subfield code="a">Serie de biología fundamental</subfield>
      <subfield code="a">Enciclopedia lógica</subfield>
      <subfield code="a">Crónica 100x100</subfield>
      <subfield code="v">4</subfield>
    </datafield>
    <datafield tag="490" ind1=" " ind2=" ">
      <subfield code="a">Paso a paso</subfield>
      <subfield code="a">Serie de biología fundamental</subfield>
      <subfield code="a">Enciclopedia lógica</subfield>
      <subfield code="a">Crónica 100x100</subfield>
      <subfield code="v">4</subfield>
    </datafield>
    <datafield tag="650" ind1=" " ind2=" ">
      <subfield code="a"> LITERATURA ESCOCESA</subfield>
    </datafield>
    <datafield tag="650" ind1=" " ind2=" ">
      <subfield code="a"> NOVELA</subfield>
    </datafield>
    <datafield tag="942" ind1=" " ind2=" ">
      <subfield code="c">BK</subfield>
    </datafield>
    <datafield tag="952" ind1=" " ind2=" ">
      <subfield code="a">BIB_RECT</subfield>
      <subfield code="b">BIB_UARG</subfield>
      <subfield code="d">2008-03-27</subfield>
      <subfield code="y">BK</subfield>
      <subfield code="p">05-15906</subfield>
      <subfield code="i">05-15906</subfield>
      <subfield code="g">5</subfield>
      <subfield code="o">821.111(411) S847e</subfield>
      <subfield code="e">Donación Pérez Rasetti</subfield>
      <subfield code="8">CG</subfield>
    </datafield>
    <datafield tag="952" ind1=" " ind2=" ">
      <subfield code="a">BIB_RECT</subfield>
      <subfield code="b">BIB_UARG</subfield>
      <subfield code="d">2008-03-27</subfield>
      <subfield code="y">BK</subfield>
      <subfield code="p">05-15907</subfield>
      <subfield code="i">05-15907</subfield>
      <subfield code="g">5</subfield>
      <subfield code="o">821.111(411) S847e</subfield>
      <subfield code="e">Donación Pérez Rasetti</subfield>
      <subfield code="8">CG</subfield>
    </datafield>
    <datafield tag="952" ind1=" " ind2=" ">
      <subfield code="a">BIB_RECT</subfield>
      <subfield code="b">BIB_UARG</subfield>
      <subfield code="d">2008-03-27</subfield>
      <subfield code="y">BK</subfield>
      <subfield code="p">05-15908</subfield>
      <subfield code="i">05-15908</subfield>
      <subfield code="g">5</subfield>
      <subfield code="o">821.111(411) S847e</subfield>
      <subfield code="e">Donación Pérez Rasetti</subfield>
      <subfield code="8">CG</subfield>
    </datafield>
  </record>