
  <record>
    <leader>01000aam  22002601a 4500</leader>
    <controlfield tag="001">YPZ87951</controlfield>
    <controlfield tag="003">YPZ</controlfield>
    <controlfield tag="005">200803281613480</controlfield>
    <controlfield tag="008">080328|###########||||||b||||||||||spa|d</controlfield>
    <datafield tag="020" ind1=" " ind2=" ">
      <subfield code="a">9505576552</subfield>
    </datafield>
    <datafield tag="040" ind1=" " ind2=" ">
      <subfield code="c">SIUNPA</subfield>
    </datafield>
    <datafield tag="041" ind1=" " ind2=" ">
      <subfield code="a">spa</subfield>
    </datafield>
    <datafield tag="044" ind1=" " ind2=" ">
      <subfield code="a">AR</subfield>
    </datafield>
    <datafield tag="080" ind1=" " ind2=" ">
      <subfield code="a">372.85 A244i</subfield>
    </datafield>
    <datafield tag="100" ind1=" " ind2=" ">
      <subfield code="a">Adúriz-Bravo, Agustín.</subfield>
    </datafield>
    <datafield tag="245" ind1=" " ind2=" ">
      <subfield code="a">Una introducción a la naturaleza de la ciencia</subfield>
      <subfield code="b"> : la epistemología en la enseñanza de las ciencias naturales</subfield>
    </datafield>
    <datafield tag="250" ind1=" " ind2=" ">
      <subfield code="a">1a ed.</subfield>
    </datafield>
    <datafield tag="260" ind1=" " ind2=" ">
      <subfield code="a">Buenos Aires</subfield>
      <subfield code="b"> : Fondo de Cultura Económica</subfield>
      <subfield code="c"> , 2005</subfield>
    </datafield>
    <datafield tag="650" ind1=" " ind2=" ">
      <subfield code="a"> ENSEÑANZA DE LAS CIENCIAS NATURALES</subfield>
    </datafield>
    <datafield tag="650" ind1=" " ind2=" ">
      <subfield code="a"> METODOS DE ENSEÑANZA</subfield>
    </datafield>
    <datafield tag="650" ind1=" " ind2=" ">
      <subfield code="a"> ACTIVIDADES DE APRENDIZAJE</subfield>
    </datafield>
    <datafield tag="942" ind1=" " ind2=" ">
      <subfield code="c">BK</subfield>
    </datafield>
    <datafield tag="952" ind1=" " ind2=" ">
      <subfield code="a">BIB_RECT</subfield>
      <subfield code="b">BIB_UART</subfield>
      <subfield code="d">2009-02-13</subfield>
      <subfield code="y">BK</subfield>
      <subfield code="p">03-37038</subfield>
      <subfield code="i">03-37038</subfield>
      <subfield code="g">19.3</subfield>
      <subfield code="o">372.85 A244i</subfield>
      <subfield code="e">Compra SIUNPA</subfield>
      <subfield code="8">CG</subfield>
    </datafield>
    <datafield tag="952" ind1=" " ind2=" ">
      <subfield code="a">BIB_RECT</subfield>
      <subfield code="b">BIB_UART</subfield>
      <subfield code="d">2009-02-13</subfield>
      <subfield code="y">BK</subfield>
      <subfield code="p">03-37039</subfield>
      <subfield code="i">03-37039</subfield>
      <subfield code="g">19.3</subfield>
      <subfield code="o">372.85 A244i</subfield>
      <subfield code="e">Compra SIUNPA</subfield>
      <subfield code="8">CG</subfield>
    </datafield>
    <datafield tag="952" ind1=" " ind2=" ">
      <subfield code="a">BIB_RECT</subfield>
      <subfield code="b">BIB_UARG</subfield>
      <subfield code="d">2008-03-27</subfield>
      <subfield code="y">BK</subfield>
      <subfield code="p">05-34838</subfield>
      <subfield code="i">05-34838</subfield>
      <subfield code="g">28</subfield>
      <subfield code="o">372.85 A244i</subfield>
      <subfield code="e">Proyecto de investigación 29A/099</subfield>
      <subfield code="8">CG</subfield>
    </datafield>
  </record>