
  <record>
    <leader>01000aam  22002601a 4500</leader>
    <controlfield tag="001">YPZ87977</controlfield>
    <controlfield tag="003">YPZ</controlfield>
    <controlfield tag="005">200803311754520</controlfield>
    <controlfield tag="008">080331|###########||||||b||||||||||spa|d</controlfield>
    <datafield tag="020" ind1=" " ind2=" ">
      <subfield code="a">9789508085252</subfield>
    </datafield>
    <datafield tag="040" ind1=" " ind2=" ">
      <subfield code="c">SIUNPA</subfield>
    </datafield>
    <datafield tag="041" ind1=" " ind2=" ">
      <subfield code="a">spa</subfield>
    </datafield>
    <datafield tag="044" ind1=" " ind2=" ">
      <subfield code="a">AR</subfield>
    </datafield>
    <datafield tag="080" ind1=" " ind2=" ">
      <subfield code="a">159.964.2 A516c</subfield>
    </datafield>
    <datafield tag="100" ind1=" " ind2=" ">
      <subfield code="a">Amigo, Silvia.</subfield>
    </datafield>
    <datafield tag="245" ind1=" " ind2=" ">
      <subfield code="a">Clínicas del cuerpo</subfield>
      <subfield code="b"> : lo incorporal, el cuerpo, el objeto a</subfield>
      <subfield code="c"> / Yankelevich, Héctor, pról.</subfield>
    </datafield>
    <datafield tag="260" ind1=" " ind2=" ">
      <subfield code="a">Rosario</subfield>
      <subfield code="b"> : Homo Sapiens</subfield>
      <subfield code="c"> , 2007</subfield>
    </datafield>
    <datafield tag="440" ind1=" " ind2=" ">
      <subfield code="a">Colección claves. Perfiles</subfield>
      <subfield code="a">Referencias</subfield>
      <subfield code="a">Colección claves. Perfiles</subfield>
      <subfield code="a">Filosofía e historia</subfield>
      <subfield code="a">Literatura Mondadori</subfield>
      <subfield code="a">Colección fábrica de casos / casos en fabricación</subfield>
      <subfield code="a">La clínica en los bordes</subfield>
      <subfield code="v">36</subfield>
    </datafield>
    <datafield tag="490" ind1=" " ind2=" ">
      <subfield code="a">Colección claves. Perfiles</subfield>
      <subfield code="a">Referencias</subfield>
      <subfield code="a">Colección claves. Perfiles</subfield>
      <subfield code="a">Filosofía e historia</subfield>
      <subfield code="a">Literatura Mondadori</subfield>
      <subfield code="a">Colección fábrica de casos / casos en fabricación</subfield>
      <subfield code="a">La clínica en los bordes</subfield>
      <subfield code="v">36</subfield>
    </datafield>
    <datafield tag="650" ind1=" " ind2=" ">
      <subfield code="a"> PSICOANALISIS</subfield>
    </datafield>
    <datafield tag="942" ind1=" " ind2=" ">
      <subfield code="c">BK</subfield>
    </datafield>
    <datafield tag="952" ind1=" " ind2=" ">
      <subfield code="a">BIB_RECT</subfield>
      <subfield code="b">BIB_UARG</subfield>
      <subfield code="d">2008-03-27</subfield>
      <subfield code="y">BK</subfield>
      <subfield code="p">05-34843</subfield>
      <subfield code="i">05-34843</subfield>
      <subfield code="g">43</subfield>
      <subfield code="o">159.964.2 A516c</subfield>
      <subfield code="e">PI 29A/099</subfield>
      <subfield code="8">CG</subfield>
    </datafield>
  </record>