
  <record>
    <leader>01000aam  22002601a 4500</leader>
    <controlfield tag="001">YPZ87985</controlfield>
    <controlfield tag="003">YPZ</controlfield>
    <controlfield tag="005">200804011519520</controlfield>
    <controlfield tag="008">080401|###########||||||b||||||||||spa|d</controlfield>
    <datafield tag="020" ind1=" " ind2=" ">
      <subfield code="a">8485597788</subfield>
    </datafield>
    <datafield tag="040" ind1=" " ind2=" ">
      <subfield code="c">SIUNPA</subfield>
    </datafield>
    <datafield tag="041" ind1=" " ind2=" ">
      <subfield code="a">spa</subfield>
    </datafield>
    <datafield tag="044" ind1=" " ind2=" ">
      <subfield code="a">ES</subfield>
    </datafield>
    <datafield tag="080" ind1=" " ind2=" ">
      <subfield code="a">614.84 C321s3</subfield>
    </datafield>
    <datafield tag="100" ind1=" " ind2=" ">
      <subfield code="a">Carson, Wayne G..</subfield>
    </datafield>
    <datafield tag="700" ind1=" " ind2=" ">
      <subfield code="a">Klinker, Richard L..</subfield>
    </datafield>
    <datafield tag="245" ind1=" " ind2=" ">
      <subfield code="a">Sistemas de protección contra incendios</subfield>
      <subfield code="b"> : manual para inspecciones, pruebas y mantenimiento. 3ª edición</subfield>
      <subfield code="c"> / CEPREVEN, tr.</subfield>
    </datafield>
    <datafield tag="250" ind1=" " ind2=" ">
      <subfield code="a">2a ed. en castellano</subfield>
    </datafield>
    <datafield tag="260" ind1=" " ind2=" ">
      <subfield code="a">[Madrid]</subfield>
      <subfield code="a">Quincy, Mass.</subfield>
      <subfield code="b"> : Asociación de Investigación para la Seguridad de Vidas y Bienes, CEPREVEN</subfield>
      <subfield code="b"> : National Fire Protection Association, NFPA</subfield>
      <subfield code="c"> , 2003</subfield>
    </datafield>
    <datafield tag="650" ind1=" " ind2=" ">
      <subfield code="a"> PROTECCION CONTRA INCENDIOS</subfield>
    </datafield>
    <datafield tag="650" ind1=" " ind2=" ">
      <subfield code="a"> EXTINTORES DE INCENDIO</subfield>
    </datafield>
    <datafield tag="650" ind1=" " ind2=" ">
      <subfield code="a"> SISTEMAS DE ALARMAS</subfield>
    </datafield>
    <datafield tag="650" ind1=" " ind2=" ">
      <subfield code="a"> SEGURIDAD DEL TRABAJO</subfield>
    </datafield>
    <datafield tag="650" ind1=" " ind2=" ">
      <subfield code="a"> MATAFUEGO</subfield>
    </datafield>
    <datafield tag="942" ind1=" " ind2=" ">
      <subfield code="c">BK</subfield>
    </datafield>
    <datafield tag="952" ind1=" " ind2=" ">
      <subfield code="a">BIB_RECT</subfield>
      <subfield code="b">BIB_UACO</subfield>
      <subfield code="d">2008-03-31</subfield>
      <subfield code="y">BK</subfield>
      <subfield code="p">02-34882</subfield>
      <subfield code="i">02-34882</subfield>
      <subfield code="g">472</subfield>
      <subfield code="o">614.84 C321s3</subfield>
      <subfield code="e">Compra Contrato Programa</subfield>
      <subfield code="8">CG</subfield>
    </datafield>
    <datafield tag="952" ind1=" " ind2=" ">
      <subfield code="a">BIB_RECT</subfield>
      <subfield code="b">BIB_UACO</subfield>
      <subfield code="d">2008-04-03</subfield>
      <subfield code="y">BK</subfield>
      <subfield code="p">02-34885</subfield>
      <subfield code="i">02-34885</subfield>
      <subfield code="g">472</subfield>
      <subfield code="o">614.84 C321s3</subfield>
      <subfield code="e">Compra Contrato Programa</subfield>
      <subfield code="8">CG</subfield>
    </datafield>
    <datafield tag="952" ind1=" " ind2=" ">
      <subfield code="a">BIB_RECT</subfield>
      <subfield code="b">BIB_UACO</subfield>
      <subfield code="d">2008-04-03</subfield>
      <subfield code="y">BK</subfield>
      <subfield code="p">02-34886</subfield>
      <subfield code="i">02-34886</subfield>
      <subfield code="g">472</subfield>
      <subfield code="o">614.84 C321s3</subfield>
      <subfield code="e">Compra Contrato Programa</subfield>
      <subfield code="8">CG</subfield>
    </datafield>
    <datafield tag="952" ind1=" " ind2=" ">
      <subfield code="a">BIB_RECT</subfield>
      <subfield code="b">BIB_UACO</subfield>
      <subfield code="d">2008-04-03</subfield>
      <subfield code="y">BK</subfield>
      <subfield code="p">02-34887</subfield>
      <subfield code="i">02-34887</subfield>
      <subfield code="g">472</subfield>
      <subfield code="o">614.84 C321s3</subfield>
      <subfield code="e">Compra Contrato Programa</subfield>
      <subfield code="8">CG</subfield>
    </datafield>
    <datafield tag="952" ind1=" " ind2=" ">
      <subfield code="a">BIB_RECT</subfield>
      <subfield code="b">BIB_UART</subfield>
      <subfield code="d">2008-03-28</subfield>
      <subfield code="y">BK</subfield>
      <subfield code="p">03-34868</subfield>
      <subfield code="i">03-34868</subfield>
      <subfield code="g">472</subfield>
      <subfield code="o">614.84 C321s3</subfield>
      <subfield code="e">Compra Contrato Programa</subfield>
      <subfield code="8">CG</subfield>
    </datafield>
    <datafield tag="952" ind1=" " ind2=" ">
      <subfield code="a">BIB_RECT</subfield>
      <subfield code="b">BIB_UART</subfield>
      <subfield code="d">2008-03-28</subfield>
      <subfield code="y">BK</subfield>
      <subfield code="p">03-34869</subfield>
      <subfield code="i">03-34869</subfield>
      <subfield code="g">472</subfield>
      <subfield code="o">614.84 C321s3</subfield>
      <subfield code="e">Compra Contrato Programa</subfield>
      <subfield code="8">CG</subfield>
    </datafield>
  </record>