
  <record>
    <leader>01000aam  22002601a 4500</leader>
    <controlfield tag="001">YPZ88034</controlfield>
    <controlfield tag="003">YPZ</controlfield>
    <controlfield tag="005">200804071154000</controlfield>
    <controlfield tag="008">080407|###########||||||b||||||||||spa|d</controlfield>
    <datafield tag="020" ind1=" " ind2=" ">
      <subfield code="a">0415078849</subfield>
    </datafield>
    <datafield tag="040" ind1=" " ind2=" ">
      <subfield code="c">SIUNPA</subfield>
    </datafield>
    <datafield tag="041" ind1=" " ind2=" ">
      <subfield code="a">eng</subfield>
    </datafield>
    <datafield tag="044" ind1=" " ind2=" ">
      <subfield code="a">UK</subfield>
    </datafield>
    <datafield tag="080" ind1=" " ind2=" ">
      <subfield code="a">504.064.2 E614e</subfield>
    </datafield>
    <datafield tag="245" ind1=" " ind2=" ">
      <subfield code="a">Environmental impact assessment</subfield>
      <subfield code="b"> : theory and practice</subfield>
      <subfield code="c"> / Wathern, Peter, ed.</subfield>
    </datafield>
    <datafield tag="260" ind1=" " ind2=" ">
      <subfield code="a">Londres</subfield>
      <subfield code="a"/>
      <subfield code="a">New York, N.Y.</subfield>
      <subfield code="b"> : Routledge</subfield>
      <subfield code="c"> , reimpr.2001</subfield>
    </datafield>
    <datafield tag="650" ind1=" " ind2=" ">
      <subfield code="a"> IMPACTO AMBIENTAL</subfield>
    </datafield>
    <datafield tag="650" ind1=" " ind2=" ">
      <subfield code="a"> METODOLOGIA DE LA INVESTIGACION</subfield>
    </datafield>
    <datafield tag="942" ind1=" " ind2=" ">
      <subfield code="c">BK</subfield>
    </datafield>
    <datafield tag="952" ind1=" " ind2=" ">
      <subfield code="a">BIB_RECT</subfield>
      <subfield code="b">BIB_UARG</subfield>
      <subfield code="d">2008-04-03</subfield>
      <subfield code="y">BK</subfield>
      <subfield code="p">05-34912</subfield>
      <subfield code="i">05-34912</subfield>
      <subfield code="g">194</subfield>
      <subfield code="o">504.064.2 E614e</subfield>
      <subfield code="e">Compra Contrato Programa</subfield>
      <subfield code="8">CG</subfield>
    </datafield>
    <datafield tag="952" ind1=" " ind2=" ">
      <subfield code="a">BIB_RECT</subfield>
      <subfield code="b">BIB_UARG</subfield>
      <subfield code="d">2008-04-23</subfield>
      <subfield code="y">BK</subfield>
      <subfield code="p">05-35329</subfield>
      <subfield code="i">05-35329</subfield>
      <subfield code="g">254.8</subfield>
      <subfield code="o">504.064.2 E614e</subfield>
      <subfield code="e">Compra Contrato Programa</subfield>
      <subfield code="8">CG</subfield>
    </datafield>
    <datafield tag="952" ind1=" " ind2=" ">
      <subfield code="a">BIB_RECT</subfield>
      <subfield code="b">BIB_UARG</subfield>
      <subfield code="d">2008-04-23</subfield>
      <subfield code="y">BK</subfield>
      <subfield code="p">05-35330</subfield>
      <subfield code="i">05-35330</subfield>
      <subfield code="g">254.8</subfield>
      <subfield code="o">504.064.2 E614e</subfield>
      <subfield code="e">Compra Contrato Programa</subfield>
      <subfield code="8">CG</subfield>
    </datafield>
    <datafield tag="952" ind1=" " ind2=" ">
      <subfield code="a">BIB_RECT</subfield>
      <subfield code="b">BIB_UARG</subfield>
      <subfield code="d">2008-04-23</subfield>
      <subfield code="y">BK</subfield>
      <subfield code="p">05-35331</subfield>
      <subfield code="i">05-35331</subfield>
      <subfield code="g">254.8</subfield>
      <subfield code="o">504.064.2 E614e</subfield>
      <subfield code="e">Compra Contrato Programa</subfield>
      <subfield code="8">CG</subfield>
    </datafield>
  </record>