
  <record>
    <leader>01000aam  22002601a 4500</leader>
    <controlfield tag="001">YPZ88037</controlfield>
    <controlfield tag="003">YPZ</controlfield>
    <controlfield tag="005">200804071222560</controlfield>
    <controlfield tag="008">080407|###########||||||b||||||||||spa|d</controlfield>
    <datafield tag="020" ind1=" " ind2=" ">
      <subfield code="a">9004095713</subfield>
    </datafield>
    <datafield tag="022" ind1=" " ind2=" ">
      <subfield code="a">01698958</subfield>
    </datafield>
    <datafield tag="040" ind1=" " ind2=" ">
      <subfield code="c">SIUNPA</subfield>
    </datafield>
    <datafield tag="041" ind1=" " ind2=" ">
      <subfield code="a">eng</subfield>
    </datafield>
    <datafield tag="044" ind1=" " ind2=" ">
      <subfield code="a">NL</subfield>
    </datafield>
    <datafield tag="080" ind1=" " ind2=" ">
      <subfield code="a">821.14'02.09 M689m</subfield>
    </datafield>
    <datafield tag="245" ind1=" " ind2=" ">
      <subfield code="a">Modern critical theory and classical literature</subfield>
      <subfield code="c"> / Jong, Irene J.F. de, ed. ; Sullivan, John Patrick, ed.</subfield>
    </datafield>
    <datafield tag="260" ind1=" " ind2=" ">
      <subfield code="a">Leiden</subfield>
      <subfield code="b"> : E.J. Brill</subfield>
      <subfield code="c"> , 1994</subfield>
    </datafield>
    <datafield tag="440" ind1=" " ind2=" ">
      <subfield code="a">Dover books on mathematics</subfield>
      <subfield code="a">McGraw-Hill standard handbooks</subfield>
      <subfield code="a">Johns Hopkins studies in the mathematical sciences</subfield>
      <subfield code="a">Mnemosyne</subfield>
      <subfield code="v">130</subfield>
    </datafield>
    <datafield tag="490" ind1=" " ind2=" ">
      <subfield code="a">Dover books on mathematics</subfield>
      <subfield code="a">McGraw-Hill standard handbooks</subfield>
      <subfield code="a">Johns Hopkins studies in the mathematical sciences</subfield>
      <subfield code="a">Mnemosyne</subfield>
      <subfield code="v">130</subfield>
    </datafield>
    <datafield tag="650" ind1=" " ind2=" ">
      <subfield code="a"> LITERATURA GRIEGA</subfield>
    </datafield>
    <datafield tag="650" ind1=" " ind2=" ">
      <subfield code="a"> CRITICA LITERARIA</subfield>
    </datafield>
    <datafield tag="942" ind1=" " ind2=" ">
      <subfield code="c">BK</subfield>
    </datafield>
    <datafield tag="952" ind1=" " ind2=" ">
      <subfield code="a">BIB_RECT</subfield>
      <subfield code="b">BIB_UARG</subfield>
      <subfield code="d">2008-04-03</subfield>
      <subfield code="y">BK</subfield>
      <subfield code="p">05-34913</subfield>
      <subfield code="i">05-34913</subfield>
      <subfield code="g">470</subfield>
      <subfield code="o">821.14'02.09 M689m</subfield>
      <subfield code="e">Compra Contrato Programa</subfield>
      <subfield code="8">CG</subfield>
    </datafield>
  </record>