
  <record>
    <leader>01000aam  22002601a 4500</leader>
    <controlfield tag="001">YPZ88059</controlfield>
    <controlfield tag="003">YPZ</controlfield>
    <controlfield tag="005">200804081321510</controlfield>
    <controlfield tag="008">080408|###########||||||b||||||||||spa|d</controlfield>
    <datafield tag="020" ind1=" " ind2=" ">
      <subfield code="a">8420637882</subfield>
    </datafield>
    <datafield tag="040" ind1=" " ind2=" ">
      <subfield code="c">SIUNPA</subfield>
    </datafield>
    <datafield tag="041" ind1=" " ind2=" ">
      <subfield code="a">spa</subfield>
    </datafield>
    <datafield tag="044" ind1=" " ind2=" ">
      <subfield code="a">ES</subfield>
    </datafield>
    <datafield tag="080" ind1=" " ind2=" ">
      <subfield code="a">321.1 L814s</subfield>
    </datafield>
    <datafield tag="100" ind1=" " ind2=" ">
      <subfield code="a">Locke, John.</subfield>
    </datafield>
    <datafield tag="245" ind1=" " ind2=" ">
      <subfield code="a">Segundo tratado sobre el gobierno civil</subfield>
      <subfield code="b"> : un ensayo acerca del verdadero origen, alcance y fin del gobierno civil</subfield>
      <subfield code="c"> / Mellizo, Carlos, tr., pról. y notas</subfield>
    </datafield>
    <datafield tag="250" ind1=" " ind2=" ">
      <subfield code="a">1a ed.</subfield>
    </datafield>
    <datafield tag="260" ind1=" " ind2=" ">
      <subfield code="a">Madrid</subfield>
      <subfield code="b"> : Alianza</subfield>
      <subfield code="c"> , c2000</subfield>
    </datafield>
    <datafield tag="440" ind1=" " ind2=" ">
      <subfield code="a">Serie seminarios del CEM</subfield>
      <subfield code="a">Colección griegos y latinos</subfield>
      <subfield code="a">Biblioteca del docente</subfield>
      <subfield code="a">Colección dramaturgos argentinos contemporáneos</subfield>
      <subfield code="a">Agenda educativa</subfield>
      <subfield code="a">Tercer milenio</subfield>
      <subfield code="a">Biblioteca educacional</subfield>
      <subfield code="a">El libro de bolsillo. Filosofía</subfield>
      <subfield code="v">4415</subfield>
    </datafield>
    <datafield tag="490" ind1=" " ind2=" ">
      <subfield code="a">Serie seminarios del CEM</subfield>
      <subfield code="a">Colección griegos y latinos</subfield>
      <subfield code="a">Biblioteca del docente</subfield>
      <subfield code="a">Colección dramaturgos argentinos contemporáneos</subfield>
      <subfield code="a">Agenda educativa</subfield>
      <subfield code="a">Tercer milenio</subfield>
      <subfield code="a">Biblioteca educacional</subfield>
      <subfield code="a">El libro de bolsillo. Filosofía</subfield>
      <subfield code="v">4415</subfield>
    </datafield>
    <datafield tag="500" ind1=" " ind2=" ">
      <subfield code="a">El año de reimpresión varía según el ejemplar</subfield>
    </datafield>
    <datafield tag="500" ind1=" " ind2=" ">
      <subfield code="a">En portada: Salus populi suprema lex esto</subfield>
    </datafield>
    <datafield tag="650" ind1=" " ind2=" ">
      <subfield code="a"> TEORIA POLITICA</subfield>
    </datafield>
    <datafield tag="650" ind1=" " ind2=" ">
      <subfield code="a"> FILOSOFIA POLITICA</subfield>
    </datafield>
    <datafield tag="650" ind1=" " ind2=" ">
      <subfield code="a"> TEORIA DEL ESTADO</subfield>
    </datafield>
    <datafield tag="650" ind1=" " ind2=" ">
      <subfield code="a"> PODER POLITICO</subfield>
    </datafield>
    <datafield tag="942" ind1=" " ind2=" ">
      <subfield code="c">BK</subfield>
    </datafield>
    <datafield tag="952" ind1=" " ind2=" ">
      <subfield code="a">BIB_RECT</subfield>
      <subfield code="b">BIB_UART</subfield>
      <subfield code="d">2006-11-20</subfield>
      <subfield code="y">BK</subfield>
      <subfield code="p">03-01617</subfield>
      <subfield code="i">03-01617</subfield>
      <subfield code="g">12</subfield>
      <subfield code="o">321.1 L814s</subfield>
      <subfield code="e">FOMEC O/C 026/98</subfield>
      <subfield code="8">CG</subfield>
    </datafield>
    <datafield tag="952" ind1=" " ind2=" ">
      <subfield code="a">BIB_RECT</subfield>
      <subfield code="b">BIB_UARG</subfield>
      <subfield code="d">2008-04-07</subfield>
      <subfield code="y">BK</subfield>
      <subfield code="p">05-35004</subfield>
      <subfield code="i">05-35004</subfield>
      <subfield code="g">42</subfield>
      <subfield code="o">321.1 L814s</subfield>
      <subfield code="e">SIUNPA</subfield>
      <subfield code="8">CG</subfield>
    </datafield>
  </record>