
  <record>
    <leader>01000aam  22002601a 4500</leader>
    <controlfield tag="001">YPZ88152</controlfield>
    <controlfield tag="003">YPZ</controlfield>
    <controlfield tag="005">200804111844530</controlfield>
    <controlfield tag="008">080411|###########||||||b||||||||||spa|d</controlfield>
    <datafield tag="020" ind1=" " ind2=" ">
      <subfield code="a">0131429388</subfield>
    </datafield>
    <datafield tag="020" ind1=" " ind2=" ">
      <subfield code="a">0131429876 (CDROM)</subfield>
    </datafield>
    <datafield tag="040" ind1=" " ind2=" ">
      <subfield code="c">SIUNPA</subfield>
    </datafield>
    <datafield tag="041" ind1=" " ind2=" ">
      <subfield code="a">eng</subfield>
    </datafield>
    <datafield tag="044" ind1=" " ind2=" ">
      <subfield code="a">US</subfield>
    </datafield>
    <datafield tag="080" ind1=" " ind2=" ">
      <subfield code="a">004.451 T164o3</subfield>
    </datafield>
    <datafield tag="100" ind1=" " ind2=" ">
      <subfield code="a">Tenenbaum, Andrew S..</subfield>
    </datafield>
    <datafield tag="700" ind1=" " ind2=" ">
      <subfield code="a">Woodhull, Albert S..</subfield>
    </datafield>
    <datafield tag="245" ind1=" " ind2=" ">
      <subfield code="a">Operating systems</subfield>
      <subfield code="b"> : design and implementation</subfield>
    </datafield>
    <datafield tag="250" ind1=" " ind2=" ">
      <subfield code="a">3rd ed.</subfield>
    </datafield>
    <datafield tag="260" ind1=" " ind2=" ">
      <subfield code="a">Upper Saddle River, N.J.</subfield>
      <subfield code="b"> : Prentice-Hall</subfield>
      <subfield code="c"> , c2006</subfield>
    </datafield>
    <datafield tag="300" ind1=" " ind2=" ">
      <subfield code="a">xii, 596 p. : </subfield>
      <subfield code="b">il. ; </subfield>
      <subfield code="a">581 p. : </subfield>
      <subfield code="b">il. ; </subfield>
      <subfield code="a">224 p. : </subfield>
      <subfield code="b">cuadros, gráf. ; </subfield>
      <subfield code="a">xix, 828 p. : </subfield>
      <subfield code="b">il. ; </subfield>
      <subfield code="a">xv, 115 p. : </subfield>
      <subfield code="b">il. ; </subfield>
      <subfield code="a">xxi, 189 p. : </subfield>
      <subfield code="a">215 p. : </subfield>
      <subfield code="b">il. ; </subfield>
      <subfield code="a">v. : </subfield>
      <subfield code="b">cuadros ; </subfield>
      <subfield code="a">vii, 105 h. : </subfield>
      <subfield code="a">255 p. : </subfield>
      <subfield code="a">102 p. : </subfield>
      <subfield code="b">cuadros ; </subfield>
      <subfield code="a">207 p. : </subfield>
      <subfield code="a">94 p. : </subfield>
      <subfield code="a">126 p. : </subfield>
      <subfield code="a">92 p. : </subfield>
      <subfield code="a">203 p. : </subfield>
      <subfield code="b">il. ; </subfield>
      <subfield code="a">157 p. : </subfield>
      <subfield code="b">il. ; </subfield>
      <subfield code="a">110 p. : </subfield>
      <subfield code="a">261 p. : </subfield>
      <subfield code="a">312 p. : </subfield>
      <subfield code="a">174 p. : </subfield>
      <subfield code="a">124 p. : </subfield>
      <subfield code="a">312 p. : </subfield>
      <subfield code="a">409 p. : </subfield>
      <subfield code="a">246 p. : </subfield>
      <subfield code="a">395 p. : </subfield>
      <subfield code="b">il. ; </subfield>
      <subfield code="a">299 p. : </subfield>
      <subfield code="b">il. ; </subfield>
      <subfield code="a">141 p. : </subfield>
      <subfield code="b">il. ; </subfield>
      <subfield code="a">222 p. : </subfield>
      <subfield code="b">il. ; </subfield>
      <subfield code="a">366 p. : </subfield>
      <subfield code="b">il. ; </subfield>
      <subfield code="a">126 p. : </subfield>
      <subfield code="a">148 p. : </subfield>
      <subfield code="a">175 p. : </subfield>
      <subfield code="a">xv, 744 p. : </subfield>
      <subfield code="b">il. ; </subfield>
      <subfield code="a">xviii, 374 p. : </subfield>
      <subfield code="b">il. ; </subfield>
      <subfield code="a">451 p. : </subfield>
      <subfield code="b">il. ; </subfield>
      <subfield code="a">158 p. : </subfield>
      <subfield code="b">cuadros ; </subfield>
      <subfield code="a">158 p. : </subfield>
      <subfield code="b">il. ; </subfield>
      <subfield code="a">670 p. : </subfield>
      <subfield code="b">il. ; </subfield>
      <subfield code="a">620 p. : </subfield>
      <subfield code="b">il. ; </subfield>
      <subfield code="a">670 p. : </subfield>
      <subfield code="b">il. ; </subfield>
      <subfield code="a">734 p. : </subfield>
      <subfield code="b">il. ; </subfield>
      <subfield code="a">149 p. : </subfield>
      <subfield code="b">il. ; </subfield>
      <subfield code="a">189 p. : </subfield>
      <subfield code="b">il. ; </subfield>
      <subfield code="a">1336 p. : </subfield>
      <subfield code="b">il. ; </subfield>
      <subfield code="a">145 p. : </subfield>
      <subfield code="b">il. ; </subfield>
      <subfield code="a">285 p. : </subfield>
      <subfield code="b">il. ; </subfield>
      <subfield code="a">v. : </subfield>
      <subfield code="a">95 p. : </subfield>
      <subfield code="a">246 p. : </subfield>
      <subfield code="a">108 p. : </subfield>
      <subfield code="a">73 p. : </subfield>
      <subfield code="a">31 p. : </subfield>
      <subfield code="b">il. ; </subfield>
      <subfield code="a">31 p. : </subfield>
      <subfield code="b">il. ; </subfield>
      <subfield code="a">102 p. : </subfield>
      <subfield code="b">il. ; </subfield>
      <subfield code="a">31 p. : </subfield>
      <subfield code="b">il. ; </subfield>
      <subfield code="a">31 p. : </subfield>
      <subfield code="b">il. ; </subfield>
      <subfield code="a">31 p. : </subfield>
      <subfield code="b">il. ; </subfield>
      <subfield code="a">31 p. : </subfield>
      <subfield code="b">il. ; </subfield>
      <subfield code="a">31 p. : </subfield>
      <subfield code="b">il. ; </subfield>
      <subfield code="a">31 p. : </subfield>
      <subfield code="b">il. ; </subfield>
      <subfield code="a">31 p. : </subfield>
      <subfield code="b">il. ; </subfield>
      <subfield code="a">31 p. : </subfield>
      <subfield code="b">il. ; </subfield>
      <subfield code="a">31 p. : </subfield>
      <subfield code="b">il. ; </subfield>
      <subfield code="a">31 p. : </subfield>
      <subfield code="b">il. ; </subfield>
      <subfield code="a">31 p. : </subfield>
      <subfield code="b">il. ; </subfield>
      <subfield code="a">31 p. : </subfield>
      <subfield code="b">il. ; </subfield>
      <subfield code="a">466 p. : </subfield>
      <subfield code="a">784 p. : </subfield>
      <subfield code="b">il. ; </subfield>
      <subfield code="a">xxi, 257 p. : </subfield>
      <subfield code="b">il. ; </subfield>
      <subfield code="a">xviii, [606] en varias paginaciones : </subfield>
      <subfield code="b">il. ; </subfield>
      <subfield code="a">xvii, [ca1000] p. en varias paginaciones : </subfield>
      <subfield code="b">il. ; </subfield>
      <subfield code="a">xxvii, 694 p. : </subfield>
      <subfield code="b">il. ; </subfield>
      <subfield code="a">xxvi, 198 p. : </subfield>
      <subfield code="b">il. ; </subfield>
      <subfield code="a">180 p. : </subfield>
      <subfield code="a">xv, 575 p. : </subfield>
      <subfield code="b">il. ; </subfield>
      <subfield code="a">xviii, 400 p. : </subfield>
      <subfield code="a">xxxi, 271 p. : </subfield>
      <subfield code="a">viii, 523 p. : </subfield>
      <subfield code="a">viii, 96 p. : </subfield>
      <subfield code="a">xv, 511 p. : </subfield>
      <subfield code="b">il. ; </subfield>
      <subfield code="a">74 p. : </subfield>
      <subfield code="b">cuadros ; </subfield>
      <subfield code="a">xv, 182 p. : </subfield>
      <subfield code="b">il. ; </subfield>
      <subfield code="a">xx, 332 p. : </subfield>
      <subfield code="b">il. ; </subfield>
      <subfield code="a">x, 689 p. : </subfield>
      <subfield code="b">il. ; </subfield>
      <subfield code="a">114 p. : </subfield>
      <subfield code="b">il. ; </subfield>
      <subfield code="a">vi, 292 p. : </subfield>
      <subfield code="a">xxvi, 318 p. : </subfield>
      <subfield code="b">cuadros ; </subfield>
      <subfield code="a">36 p. : </subfield>
      <subfield code="a">172 p. : </subfield>
      <subfield code="a">251 p. : </subfield>
      <subfield code="a">254 p. : </subfield>
      <subfield code="b">il. ; </subfield>
      <subfield code="a">401 p. : </subfield>
      <subfield code="a">672 p. : </subfield>
      <subfield code="a">196 p. : </subfield>
      <subfield code="b">il. ; </subfield>
      <subfield code="a">v. : </subfield>
      <subfield code="a">191 p. : </subfield>
      <subfield code="a">351 p. : </subfield>
      <subfield code="a">254 p. : </subfield>
      <subfield code="a">197 p. : </subfield>
      <subfield code="b">il. ; </subfield>
      <subfield code="a">493 p. : </subfield>
      <subfield code="b">il. ; </subfield>
      <subfield code="a">xiv, 578 p. : </subfield>
      <subfield code="b">il. ; </subfield>
      <subfield code="a">xxii, 409 p. : </subfield>
      <subfield code="b">il. ; </subfield>
      <subfield code="a">238 p. : </subfield>
      <subfield code="a">399 p. : </subfield>
      <subfield code="a">226 p. : </subfield>
      <subfield code="a">273 p. : </subfield>
      <subfield code="a">354 p. : </subfield>
      <subfield code="a">270 p. : </subfield>
      <subfield code="a">271 p. : </subfield>
      <subfield code="a">230 p. : </subfield>
      <subfield code="a">260 p. : </subfield>
      <subfield code="a">399 p. : </subfield>
      <subfield code="b">il. ; </subfield>
      <subfield code="a">409 p. : </subfield>
      <subfield code="a">748 p. : </subfield>
      <subfield code="b">il. ; </subfield>
      <subfield code="a">334 p. : </subfield>
      <subfield code="a">303 p. : </subfield>
      <subfield code="a">328 p. : </subfield>
      <subfield code="a">445 p. : </subfield>
      <subfield code="b">il. ; </subfield>
      <subfield code="a">311 p. : </subfield>
      <subfield code="a">v. : </subfield>
      <subfield code="a">367 p. : </subfield>
      <subfield code="a">430 p. : </subfield>
      <subfield code="a">299 p. : </subfield>
      <subfield code="a">187 p. : </subfield>
      <subfield code="a">183 p. : </subfield>
      <subfield code="a">183 p. : </subfield>
      <subfield code="a">173 p. : </subfield>
      <subfield code="a">159 p. : </subfield>
      <subfield code="a">667 p. : </subfield>
      <subfield code="b">il. ; </subfield>
      <subfield code="a">185 p. : </subfield>
      <subfield code="a">137 p. : </subfield>
      <subfield code="b">il. ; </subfield>
      <subfield code="a">170 p. : </subfield>
      <subfield code="a">149 p. : </subfield>
      <subfield code="a">xxiii, 1022 p. : </subfield>
      <subfield code="b">il. ; </subfield>
      <subfield code="a">204 p. : </subfield>
      <subfield code="a">177 p. : </subfield>
      <subfield code="a">96 p. : </subfield>
      <subfield code="b">il. ; </subfield>
      <subfield code="a">186 p. : </subfield>
      <subfield code="a">189 p. : </subfield>
      <subfield code="a">286 p. : </subfield>
      <subfield code="a">xxxvii, [1065] p. en varias paginaciones : </subfield>
      <subfield code="b">il. ; </subfield>
      <subfield code="a">xiv, 305 p. : </subfield>
      <subfield code="b">il. ; </subfield>
      <subfield code="a">105 p. : </subfield>
      <subfield code="a">309 p. : </subfield>
      <subfield code="a">319 p. : </subfield>
      <subfield code="a">343 p. : </subfield>
      <subfield code="a">270 p. : </subfield>
      <subfield code="a">121 p. : </subfield>
      <subfield code="a">166 p. : </subfield>
      <subfield code="a">247 p. : </subfield>
      <subfield code="a">vi, 277 p. : </subfield>
      <subfield code="b">il. ; </subfield>
      <subfield code="a">186 p. : </subfield>
      <subfield code="b">il. ; </subfield>
      <subfield code="a">117 p. : </subfield>
      <subfield code="a">109 p. : </subfield>
      <subfield code="a">260 p. : </subfield>
      <subfield code="a">119 p. : </subfield>
      <subfield code="a">168 p. : </subfield>
      <subfield code="a">138 p. : </subfield>
      <subfield code="a">185 p. : </subfield>
      <subfield code="a">477 p. : </subfield>
      <subfield code="a">139 p. : </subfield>
      <subfield code="a">231 p. : </subfield>
      <subfield code="a">133 p. : </subfield>
      <subfield code="a">238 p. : </subfield>
      <subfield code="b">il. ; </subfield>
      <subfield code="a">126 p. : </subfield>
      <subfield code="b">il. ; </subfield>
      <subfield code="a">237 p. : </subfield>
      <subfield code="b">il. ; </subfield>
      <subfield code="a">126 p. : </subfield>
      <subfield code="b">il. ; </subfield>
      <subfield code="a">148 p. : </subfield>
      <subfield code="b">il. ; </subfield>
      <subfield code="a">135 p. : </subfield>
      <subfield code="a">500 p. : </subfield>
      <subfield code="a">141 p. : </subfield>
      <subfield code="a">400 p. : </subfield>
      <subfield code="b">il. ; </subfield>
      <subfield code="a">552 p. : </subfield>
      <subfield code="b">il. ; </subfield>
      <subfield code="a">204 p. : </subfield>
      <subfield code="b">il. ; </subfield>
      <subfield code="a">xii, 557 p. : </subfield>
      <subfield code="b">il. ; </subfield>
      <subfield code="a">xi, 269 p. : </subfield>
      <subfield code="b">il. ; </subfield>
      <subfield code="a">xviii, 286 p. : </subfield>
      <subfield code="a">xiv, 584 p. : </subfield>
      <subfield code="b">il. ; </subfield>
      <subfield code="a">205 p. : </subfield>
      <subfield code="b">il. ; </subfield>
      <subfield code="a">142 p. : </subfield>
      <subfield code="a">271 p. : </subfield>
      <subfield code="a">216 p. : </subfield>
      <subfield code="a">144 p. : </subfield>
      <subfield code="a">152 p. : </subfield>
      <subfield code="a">162 p. : </subfield>
      <subfield code="a">284 p. : </subfield>
      <subfield code="a">160 p. : </subfield>
      <subfield code="a">210 p. : </subfield>
      <subfield code="a">210 p. : </subfield>
      <subfield code="a">593 p. : </subfield>
      <subfield code="a">166 p. : </subfield>
      <subfield code="a">2 v. : </subfield>
      <subfield code="a">x, 454 p. : </subfield>
      <subfield code="b">il. ; </subfield>
      <subfield code="a">xvii, 1054 p. : </subfield>
      <subfield code="b">il. ; </subfield>
      <subfield code="e">1 CD-ROM en bolsillo</subfield>
    </datafield>
    <datafield tag="505" ind1=" " ind2=" ">
      <subfield code="a">Contenido del CD-ROM: Minix 3, software</subfield>
    </datafield>
    <datafield tag="650" ind1=" " ind2=" ">
      <subfield code="a"> SISTEMA OPERATIVO</subfield>
    </datafield>
    <datafield tag="650" ind1=" " ind2=" ">
      <subfield code="a"> DISEÑO DE SISTEMAS</subfield>
    </datafield>
    <datafield tag="942" ind1=" " ind2=" ">
      <subfield code="c">BK</subfield>
    </datafield>
    <datafield tag="952" ind1=" " ind2=" ">
      <subfield code="a">BIB_RECT</subfield>
      <subfield code="b">BIB_UARG</subfield>
      <subfield code="d">2008-04-08</subfield>
      <subfield code="y">BK</subfield>
      <subfield code="p">05-35082</subfield>
      <subfield code="i">05-35082</subfield>
      <subfield code="g">387</subfield>
      <subfield code="o">004.451 T164o3</subfield>
      <subfield code="e">SIUNPA</subfield>
      <subfield code="8">CG</subfield>
    </datafield>
    <datafield tag="952" ind1=" " ind2=" ">
      <subfield code="a">BIB_RECT</subfield>
      <subfield code="b">BIB_UARG</subfield>
      <subfield code="d">2008-04-08</subfield>
      <subfield code="y">BK</subfield>
      <subfield code="p">05-35083</subfield>
      <subfield code="i">05-35083</subfield>
      <subfield code="g">387</subfield>
      <subfield code="o">004.451 T164o3</subfield>
      <subfield code="e">SIUNPA</subfield>
      <subfield code="8">CG</subfield>
    </datafield>
  </record>